2784 4456
677 39 719 84 ΰΖ

620 111 779 119 -υ--ῇ-

249 204 382 292 Quodsi
406 211 713 295 considerabimus
739 231 845 294 quam
864 214 1001 278 modice
1017 212 1216 298 Xenophon
1238 231 1318 281 rem

91 306 183 385 agat,
209 320 314 384 quam
335 301 558 365 mediocriter
582 306 716 365 arecio
741 303 891 384 aberret,
917 308 1165 386 contraquam
1188 306 1319 387 impor-

90 396 172 455 tune
187 391 396 454 Heliodorus
412 389 535 454 lectori
552 391 725 472 obtrudat,
751 410 841 473 quae
858 396 976 456 tacere
994 395 1189 475 oportebat,
1214 396 1319 459 nobis

89 480 355 561 persuadebitur
379 498 458 543 eum
475 479 597 542 insano
615 480 765 561 quodam
784 480 982 546 cumulandi
999 483 1111 545 studio
1125 484 1320 548 adductum

89 569 326 633 narrationem
349 569 399 631 ita
422 568 621 632 instituisse.

247 710 392 772 Praesto
430 712 546 771 autem
585 712 638 772 est
671 711 901 775 certissimum
934 711 1097 775 indicium
1133 731 1212 777 eum
1246 733 1321 779 non

93 817 178 862 casu
200 799 250 862 ita
273 798 465 879 scripsisse,
490 798 553 861 sed
577 800 720 863 consilio
745 804 779 863 et
802 800 938 863 ratione
955 799 1095 882 Ephesii
1112 804 1320 884 exemplum

91 892 248 952 secutum
274 904 361 951 esse.
409 886 545 949 Etenim
569 887 683 969 ipsum
708 888 888 952 oraculum
917 891 1099 972 utrobique
1128 891 1234 973 plane
1261 912 1320 957 eo-

89 978 171 1041 dem
196 976 299 1039 modo
325 975 503 1057 accipitur.

305 1117 393 1181 Xen.
418 1136 497 1199 pag.
514 1118 590 1200 335,
607 1118 650 1181 26
676 1117 783 1181 ταῦτα
806 1112 847 1192 ὡς
863 1120 1026 1229 ἐκομίσθη
1043 1121 1084 1181 τὰ
1097 1113 1322 1204 μαντεύματα

175 1217 217 1286 εὶς
218 1203 471 1324 ’Ἔρεσον
469 1216 535 1275 oi
534 1217 700 1326 πατέρες
730 1204 840 1276 αὐτῶν
881 1199 966 1290 ἦσαν
1006 1217 1048 1275 ἐν
1088 1207 1323 1321 αμηχανίᾳ

173 1309 226 1371 καὶ
258 1331 296 1370 τα
319 1297 471 1370 δεινὸν
455 1331 507 1370 στι
531 1296 569 1385 ἦν
603 1330 718 1370 navo
754 1299 965 1392 ἠπόρουν·
996 1299 1251 1389 συμβάλλετνὸὲ
1277 1337 1320 1377 τα

174 1404 284 1467 θεοῦ
305 1394 432 1484 λόγια
455 1397 514 1465 οὐκ
537 1394 703 1466 ἐδύσαντο.

296 1527 431 1591 Heliou.
455 1545 535 1609 pag.
562 1527 679 1629 77,13
727 1529 833 1592 ταῦτα
865 1522 980 1610 μὲν
960 1553 1002 1602 ως
1034 1521 1162 1594 ἀνεῖπεν
1190 1526 1210 1594 ὁ
1234 1526 1321 1610 θεὸς

173 1608 371 1699 αμηχανία
363 1613 543 1692 πλείστη
567 1602 644 1687 τσὺς
665 1613 876 1697 παρεστῶτας
898 1607 1062 1689 albediem,
1098 1605 1153 1679 τὸν
1166 1639 1321 1726 χρησμον

172 1705 223 1773 ὅτι
244 1701 399 1789 βούλοιτο
428 1700 607 1794 τρραζειν’
591 1709 897 1792 απσρσῦντας
922 1701 1020 1783 ἄλλος
1040 1733 1103 1795 γαρ
1127 1703 1209 1796 πρὸς
1232 1707 1320 1781 αλλο

172 1796 571 1885 τιτὸλόγιονὲσπα.
599 1841 634 1848 κ-

244 1946 366 2027 Quist
368 1964 426 2008 am
451 1945 676 2009 difficilist
623 1950 676 2009 est
683 1947 785 2028 ,qui
817 1947 882 2010 sibi
914 1948 1128 2028 persuadere
1160 1958 1320 2030 nequeat

85 2036 178 2100 hanc
199 2037 422 2099 manifestam
446 2035 504 2096 imi
508 2035 676 2098 tationem
699 2035 804 2099 esse?

613 2197 775 2204 ----—-

243 2303 319 2367 Hoc
342 2303 420 2367 loco
448 2303 622 2384 quaedam
646 2302 834 2366 tractanda
850 2320 928 2366 esse
944 2306 1038 2384 puto,
1064 2321 1154 2384 quae
1180 2322 1202 2366 a
1228 2308 1319 2372 scri-

84 2391 240 2475 ptoribus
265 2393 403 2456 eroticis
428 2410 473 2456 ex
496 2391 609 2472 poetis
622 2390 868 2455 Alexandrinis
893 2395 1033 2473 sumpta
1057 2409 1135 2456 esse
1160 2399 1316 2461 constat.

85 2479 200 2560 Quam
222 2481 333 2544 multa
357 2486 474 2544 autem
502 2479 699 2543 fabularum
723 2479 994 2543 Romanensium
1022 2481 1211 2562 scriptores
1242 2484 1317 2550 illis

83 2570 195 2653 poetis
220 2569 380 2652 debeant,
407 2587 486 2633 cum
511 2566 589 2632 Oar.
613 2568 758 2648 Dilthey
780 2570 816 2632 in
839 2587 880 2632 eo
905 2570 1003 2652 libro,
1028 2570 1087 2650 qui
1109 2571 1318 2638 inscribitur

85 2658 159 2744 ,De
184 2657 390 2723 Callimachi
414 2653 594 2739 Cydippa“
621 2661 655 2721 et
679 2657 717 2722 n.
742 2658 863 2721 Rohde
893 2676 973 2739 pag.
1002 2657 1173 2722 145-166
1206 2679 1316 2742 prae-

84 2748 179 2811 clare
203 2748 437 2830 exposuerint,
462 2765 549 2828 opus
572 2765 643 2810 non
666 2751 719 2810 est
742 2747 898 2828 pluribus
922 2748 1040 2811 verbis
1065 2748 1248 2814 disserere.

242 2907 363 2972 Solent
385 2908 489 2988 igitur
519 2908 568 2971 illi
599 2913 741 2991 poetae,
780 2927 858 2973 cum
890 2908 1146 2972 intolerabilem
1180 2915 1318 2979 amoris

84 2999 247 3063 ardorem
271 3001 306 3060 et
329 2997 482 3060 furorem
506 3015 619 3079 paene
644 2999 829 3063 exitiosum
854 3015 1059 3080 quocunque
1090 2999 1194 3062 modo
1230 3018 1317 3066 auc-

83 3090 157 3150 tum
181 3090 215 3150 et
240 3086 454 3149 cumulatum
479 3087 678 3170 depingunt,
702 3087 783 3152 iude
806 3087 904 3150 illum
928 3090 1099 3170 repetere,
1125 3086 1217 3170 quod
1233 3089 1317 3170 ipse

85 3176 293 3240 adulescens
317 3175 466 3256 virgove
490 3194 610 3239 amore
633 3177 777 3240 incensa
801 3176 1012 3239 fastidiosius
1037 3180 1118 3240 ante
1135 3183 1318 3257 spreverit

82 3267 242 3328 amantes
262 3268 368 3345 atque
385 3262 561 3346 Cupidinis
577 3264 792 3347 Venerisque
812 3269 1024 3346 potestatem
1040 3265 1190 3328 eluserit.
1207 3265 1316 3346 (Dilt-

79 3353 183 3435 heyl.
190 3353 211 3417 l.
220 3371 300 3436 pag.
312 3352 365 3436 43,
382 3353 440 3417 ubi
456 3353 611 3417 nonnulli
620 3357 805 3435 poetarum
825 3354 893 3417 loci
911 3356 1041 3417 annota
1004 3354 1158 3416 tattisun
1144 3350 1184 3434 1.)
1211 3351 1315 3423 Deus

81 3447 198 3506 autem
222 3459 301 3507 sese
324 3443 442 3525 sperni
457 3461 527 3506 non
542 3443 686 3525 patitur,
711 3444 775 3506 sed
798 3460 868 3525 ecc,
894 3443 952 3525 qui
974 3460 1173 3594 retpugnare
1198 3446 1233 3506 et
1256 3463 1313 3511 re-

80 3532 205 3598 sistere
235 3532 378 3615 audent,
413 3549 454 3596 eo
489 3493 773 3596 vehementius
764 3532 955 3613 insequitur
987 3534 1021 3594 et
1051 3549 1180 3595 numen
1208 3549 1312 3600 suum

81 3638 291 3724 agnoscere
301 3582 402 3703 cogit.
380 3621 622 3685 tEiusmodi
645 3620 785 3684 fabulae
810 3621 996 3684 exitiosum
1019 3609 1226 3724 plerumque
1250 3621 1313 3688 ha-

80 3709 211 3775 bebant
236 3709 377 3793 exitum,
403 3728 482 3774 cum
504 3713 587 3791 poet
589 3727 632 3774 ae
573 3710 777 3774 tdeum
768 3728 804 3773 m
821 3712 1080 3790 contemptores
1096 3710 1149 3773 sui
1164 3711 1313 3791 gravius

83 3799 264 3863 consulent
250 3803 322 3863 tem
345 3800 504 3865 facerent
528 3800 583 3880 (cf
608 3798 790 3881 Rohdium,
814 3798 871 3862 l..l
896 3815 976 3880 pag.
994 3798 1053 3862 141
1080 3799 1235 3863 adnot
1174 3801 1257 3879 14).

238 3941 428 4015 Videamus
451 3957 554 4024 nunc,
578 3940 752 4022 quomodo
776 3939 1018 4005 Habrocomes
1031 3940 1244 4049 Xenophont
1247 3960 1312 4008 eus

78 4030 174 4095 initio
199 4030 340 4095 tabulae
364 4049 403 4095 se
426 4034 543 4111 gerat.
513 4030 656 4094 tXen.
681 4047 761 4112 pag.
786 4029 861 4112 329,
886 4029 929 4093 23
954 4048 1004 4112 sq
1031 4021 1161 4116 Ἔρωτα
1188 4054 1222 4112 γε
1242 4021 1312 4114 μὴν

80 4124 155 4191 οὐδὲ
178 4117 425 4210 salpitanum
449 4115 533 4190 θεον
555 4115 640 4188 ἄλλα
672 4147 783 4205 παντη
816 4122 963 4207 ἐξέθαλτν
995 4119 1138 4190 οὐδέν’
1109 4148 1313 4238 ηγοσμενσς,

54 4213 218 4295 leym
186 4241 234 4290 ας
253 4213 318 4282 οὐκ
338 4240 384 4284 αα
404 4223 491 4286 ποτέ
512 4244 562 4298 τις
585 4223 747 4310 ἐρασθείη
770 4213 846 4286 olii
866 4215 1047 4302 ὑποταγείη
1076 4221 1125 4301 τῷ
1156 4221 1232 4300 deq]
1266 4248 1313 4302 μη
