2784 4456
661 66 703 131 37

70 257 133 344 οὐχ
154 261 264 324 ἱκαναὶ
286 262 320 324 αι’
339 250 496 343 πρότερον
519 259 696 344 συμφοραί,
720 246 761 320 τολ
778 245 879 339 δεσμά
912 246 954 317 τὰ
970 249 1140 343 λῃστήρια,
1156 246 1222 317 ἀλλ’
1255 255 1304 317 ἔτι

69 353 128 418 καὶ
144 399 151 413 .
168 400 198 416 ..
221 369 311 431 quae
327 348 535 412 Heliodorus
560 348 671 410 altero
696 346 852 409 membro
870 347 1002 407 mutato
1019 343 1192 405 imitatur:
1217 361 1299 424 pag.

74 443 125 523 10,
151 441 193 503 23
219 458 292 520 sqq.
318 433 392 504 οὐδὲ
415 431 513 502 ἱκανά
526 459 578 502 σοι
594 428 674 522 πρὸς
691 439 848 521 τιμωρίαν
870 430 914 499 τὰ
936 427 1163 520 παρελθόντα,
1187 436 1296 516 στέρη-

69 557 122 612 σις
145 537 212 600 τῶν
239 535 374 610 οἰκείων,
407 533 681 598 καταποντιστῶν
704 526 832 606 ἅλωσις,
856 529 1041 594 θαλασσῶν
1061 529 1176 612 μυρίος
1198 526 1302 592 κίνδο-

67 655 137 707 νος,
159 630 288 721 λῃστῶν
310 630 361 694 ἐπὶ
383 631 443 711 γῆς
463 620 527 709 ἤδη
551 628 683 709 δευτέρα
706 619 878 710 σύλληψις,
903 626 958 689 καὶ
980 615 1155 713 πικρότερα
1179 623 1245 687 ταῖν
1268 628 1303 687 ἐν

69 730 168 813 πείρᾳ
190 715 233 790 τό
257 719 517 809 προσδοκώμενα.
541 763 582 771 -
608 728 650 790 cf.
677 724 806 791 Charit.
833 742 911 806 pag.
938 722 989 804 76,
1017 724 1066 786 13.

233 899 381 966 Omnino
398 903 515 965 autem
533 902 583 966 eis
599 902 695 982 locis²
718 901 775 964 ubi
793 899 987 963 teneriores
1008 898 1178 980 quosdam
1196 897 1302 961 animi

75 991 328 1058 commotiones
353 989 543 1072 depingere
566 992 652 1073 vult,
678 989 818 1053 minime
842 988 907 1052 sibi
924 988 1099 1051 confidere
1116 991 1151 1050 et
1168 987 1302 1049 alienas

73 1099 162 1165 opes
187 1079 456 1159 circumspicere
481 1098 560 1143 eum
585 1082 743 1162 apparet,
769 1077 922 1142 velutin
947 1077 1061 1158 prima
1085 1076 1213 1139 amoris
1238 1075 1302 1138 ori-

71 1172 155 1254 gine
180 1168 422 1247 describenda,
454 1169 488 1231 iu
513 1169 685 1250 Tyrrheni
708 1167 892 1250 piscatoris
916 1166 1065 1248 hospitio
1091 1164 1299 1245 enarrando

69 1262 107 1325 in
130 1259 194 1338 hie,
221 1259 264 1320 de
289 1258 412 1338 quibus
437 1258 539 1320 modo
574 1258 701 1321 dictum
735 1260 788 1320 est
821 1255 1014 1319 amantium
1047 1253 1301 1318 lamentationi-

72 1349 138 1411 bus
168 1346 396 1428 exponendis,
431 1347 527 1409 alias.
574 1347 695 1428 Neque
728 1364 813 1409 vero
848 1344 1035 1408 admodum
1065 1344 1149 1407 felix
1183 1347 1235 1406 est
1267 1343 1302 1406 in

10 1444 13 1451 '
77 1436 127 1499 eis
148 1437 252 1500 rebus
276 1435 461 1498 imitandis
510 1434 612 1516 Quod
635 1436 728 1498 haud
757 1434 829 1497 seio
862 1453 906 1497 an
939 1438 1104 1496 nascatur
1138 1451 1182 1496 ex
1218 1432 1301 1495 vitio

76 1525 226 1605 quodam
251 1525 324 1588 eius
348 1525 490 1605 ingenii,
523 1525 566 1588 de
600 1543 667 1605 quo
699 1525 853 1605 disputat
884 1523 1005 1586 Rohde
1038 1523 1058 1586 l.
1084 1522 1104 1585 l.
1130 1540 1210 1603 pag.
1234 1521 1300 1584 449

74 1613 131 1676 his
153 1613 286 1678 verbis:
311 1613 385 1676 Das
410 1613 647 1694 Gefllhlvolle,
676 1613 809 1694 lyrisch
833 1610 1205 1693 Epmfindungsreiehe
1231 1610 1300 1673 will

76 1702 158 1765 dem
181 1701 322 1766 Dichter
346 1702 441 1765 nicht
456 1703 635 1783 gelingem
661 1721 699 1765 er
716 1702 823 1765 findet
839 1701 913 1764 sich
930 1701 1046 1764 daher
1057 1700 1112 1763 bei
1130 1698 1299 1779 Gelegen-

75 1791 149 1854 heit
173 1790 234 1854 der
255 1795 370 1855 ersten
395 1791 608 1855 Liebesnoth
632 1791 746 1854 seines
763 1791 894 1854 Paares
918 1791 980 1853 mit
1005 1791 1072 1852 den
1097 1787 1205 1851 durch
1228 1787 1297 1851 hel-

74 1879 229 1944 lenische
241 1879 402 1944 Erotiker
418 1881 644 1944 hinreichend
661 1880 900 1944 zubereiteten
911 1877 1212 1942 herkdmmlichen
1226 1877 1299 1940 Mit-

72 1968 145 2032 teln
162 1968 216 2032 ab.
255 1969 347 2032 Eher
371 1989 519 2051 vermag
543 1988 581 2033 er
607 1969 735 2033 einmal
759 1969 836 2032 eine
860 1968 943 2031 wild
968 1967 1119 2030 tobende
1142 1967 1300 2029 Flamma

72 2058 235 2122 unreiner
260 2058 508 2122 Leidenschaft
535 2058 779 2138 darzustellen‚
804 2056 870 2120 wie
896 2056 1067 2136 dieienige
1092 2056 1154 2118 der
1171 2055 1299 2118 Dema-

71 2151 151 2210 nete
176 2164 256 2209 zum
280 2147 450 2229 Knemon,
475 2149 537 2211 der
560 2148 694 2210 Arsace
717 2165 795 2210 zurn
820 2145 1037 2226 Theagenes
1070 2144 1299 2224 Sein'lalent,

69 2235 152 2299 sehr
184 2236 356 2299 merklich
388 2255 457 2300 von
491 2238 569 2300 dem
605 2237 665 2299 des
698 2235 894 2316 Xenophon
924 2233 1164 2312 verschiedon,
1200 2232 1300 2296 weist

67 2324 129 2388 ihu
152 2325 359 2406 uberhaupt,
385 2330 469 2388 statt
493 2345 572 2389 zum
597 2326 728 2404 lyrisoh
753 2324 1039 2402 Sohmelzenden‚
1072 2323 1156 2384 cher
1179 2328 1299 2399 (wenu

67 2432 152 2476 man
183 2431 221 2476 so
246 2414 337 2478 hohe
360 2415 482 2479 Worte
514 2416 588 2479 hier
619 2415 798 2478 braucheu
831 2413 923 2485 dari)
953 2431 996 2475 zu
1031 2412 1110 2474 dem
1143 2410 1299 2474 feierlich

10 2508 12 2513 ’
66 2502 267 2584 Pompdsen
292 2503 354 2568 der
377 2504 578 2586 tragischen
602 2504 715 2568 Kunst
738 2503 797 2566 hin
821 2521 849 2566 e.
868 2521 899 2584 q.
918 2521 944 2565 s,

230 2678 307 2741 Alia
337 2679 512 2761 quaedam
543 2680 635 2760 apud
659 2679 884 2742 Heliodorum
918 2678 967 2740 ita
1003 2680 1175 2739 exornata
1207 2679 1296 2752 sunt,

66 2768 104 2830 ut
128 2766 368 2848 Xenophontis
393 2769 558 2832 orationis
584 2769 737 2832 colorem
761 2768 822 2832 vix
847 2784 1040 2846 agnoscere
1057 2766 1230 2847 possimus
1255 2768 1290 2828 et

63 2856 231 2919 incertius
256 2857 299 2919 sit
324 2858 367 2920 de
389 2857 583 2921 imitatione
605 2858 778 2920 iudicium.
824 2856 928 2920 Velut
951 2854 1081 2918 Anthia
1105 2856 1287 2917 absentem

65 2944 315 3008 Habrocomen
341 2965 470 3026 magna·
493 2965 582 3010 voce
606 2947 763 3009 invocat:

229 3086 316 3150 Xen.
342 3106 422 3168 pag.
447 3088 522 3167 366,
551 3089 590 3150 10
614 3074 720 3148 πολλὰ
751 3076 808 3149 τόν
836 3076 1040 3169 Ἀβροκόμαν
1073 3077 1114 3157 ὡς
1144 3076 1295 3163 παρόντα

69 3175 227 3250 ἀνεκάλει,
251 3222 295 3228 -
319 3185 482 3248 Similiter
506 3186 713 3264 Theageuos
738 3183 831 3264 apud
856 3183 931 3246 Hel.
956 3200 1036 3263 pag.
1054 3181 1166 3261 2269
1195 3181 1295 3263 Χαρί-

70 3278 179 3341 κλειαν
210 3271 264 3342 dmi
297 3271 462 3362 στόματος
494 3282 574 3364 ἔχων
609 3280 664 3341 καὶ
695 3288 766 3352 ταῖς
795 3281 914 3356 ἐκείνης
944 3269 1159 3356 ἀνακλήσεσιν
1190 3269 1295 3361 ὥσπερ

73 3371 253 3451 θεραπείας
276 3369 569 3461 παρηγοροόμενος.

229 3570 330 3650 Apud
347 3572 615 3653 Xenophontem
641 3575 799 3634 amantes
820 3570 1013 3651 piratarum
1031 3569 1292 3637 sollicitationes

71 3653 184 3725 veriti,
210 3657 278 3728 „nil
301 3662 376 3723 sani
401 3660 644 3737 suspicantur“
668 3663 760 3745 (pag.
778 3659 853 3740 345,
875 3660 913 3721 15
938 3671 1006 3736 τοῖς
1027 3660 1060 3724 δὲ
1084 3667 1169 3724 αἵτε
1189 3661 1296 3743 ψυχαὶ

69 3743 302 3830 ὲκραὸαίνοντο
325 3752 379 3812 καὶ
403 3745 497 3816 οἰδὲν
520 3747 606 3835 ὑγιὲς
629 3743 813 3831 ὑπενόουν).
845 3749 947 3830 Apud
964 3751 1189 3813 Heliodorum
1208 3748 1294 3811 The-

69 3853 200 3915 agenes
227 3837 392 3915 persimili
417 3842 620 3905 condicione
651 3841 716 3906 sibi
741 3839 860 3902 oblata
885 3839 954 3917 „nil
978 3839 1059 3901 boni
1083 3839 1295 3902 vaticinatur

69 3924 241 3988 derebus
265 3925 409 3988 futuris“
434 3932 525 4010 (pag.
554 3932 625 4014 196,
649 3930 670 3994 5
694 3919 832 4014 ἀγαθὸν
854 3924 950 3994 οὐδὲν
971 3929 1022 3994 ἐπὶ
1046 3937 1113 4005 τοῖς
1140 3930 1296 4014 μέλλουσι

69 4015 423 4096 καταμαντευομένον).

232 4190 332 4257 Oculi
355 4191 504 4257 Anthiae
529 4195 623 4275 apud
639 4194 918 4276 Xenophontem
932 4194 999 4257 *uis
1016 4193 1152 4252 seems
1162 4187 1350 4270 &som-x

70 4281 127 4343 tur
137 4297 220 4364 1¹³8·
234 4282 309 4369 331,
324 4283 345 4347 4
369 4277 553 4377 ὀφθαλμοὶ
567 4289 697 4379 γοργολ,
711 4287 860 4382 φαιδροὶ
875 4285 936 4387 plo
955 4276 1006 4355 hs
1016 4271 1143 4356 *Quill
1159 4265 1365 4350 *vm*
