2784 4456
691 39 731 74 Ν

628 103 787 110 ..η-..-

93 208 239 286 uterque
262 204 501 269 narrationem
524 205 560 268 in
582 204 784 285 Aegyptum
808 205 975 269 transfert
1009 208 1043 268 et
1073 205 1229 268 latrones
1254 204 1324 269 Ae-

93 293 234 376 gyptios
257 293 398 357 inducit.

252 411 326 475 Eae
349 428 406 475 166
430 413 468 473 111
492 413 571 474 sunt
596 410 792 475 certissima
812 411 941 475 indicia
952 412 1183 475 imitationem
1200 410 1325 491 utique

93 500 252 581 subesse,
284 500 333 563 ita
363 499 636 581 haudquaquam
676 504 781 580 aptae
814 505 908 583 sunt,
946 501 1068 583 quibus
1103 498 1324 581 ostendatur,

93 592 170 652 uter
186 590 294 653 utrius
311 589 464 652 imitator
480 588 662 653 habendus
679 589 732 652 sit.
764 589 844 652 Alia
867 591 1052 672 quaedam,
1071 606 1215 670 quaere
1232 607 1326 652 vera

93 677 161 742 huo
183 679 368 761 pertinent,
394 677 449 741 vir
473 678 693 741 doctissimus
717 679 958 743 tantummodo
977 679 1088 743 obiter
1103 677 1325 760 perstrinxit.

252 794 360 857 hlulto
378 792 483 857 etiam
500 794 612 857 minus
630 812 760 875 operae
773 792 918 857 Locella
933 793 967 857 in
981 813 1060 858 eam
1078 792 1326 875 quaestionem

94 883 247 947 contulit.
294 882 328 946 Is
353 901 431 946 cum
457 882 615 947 derideat
639 882 847 965 scriptorum
881 883 1090 946 ereticorum
1123 885 1325 963 egestatem

92 973 235 1054 ingenii,
262 972 319 1053 qui
343 972 466 1036 eodem
492 973 591 1053 quasi
613 972 842 1036 instrumento
867 973 1077 1035 narrationis
1101 974 1257 1053 utantur,
1286 977 1328 1036 ut

93 1062 196 1125 facile
219 1061 375 1142 intellegi
397 1061 517 1143 possit,
543 1080 648 1143 quam
673 1065 750 1125 arto
774 1061 975 1125 imitationis
996 1061 1136 1125 vinculo
1163 1060 1328 1126 universi

94 1150 345 1231 contineantur,
378 1150 411 1225 (l.
429 1151 450 1213 l.
468 1168 547 1231 pag.
568 1150 631 1213 170
655 1154 690 1214 et
713 1150 790 1227 204)
815 1153 934 1214 tamen
964 1150 1102 1213 omnino
1133 1149 1245 1214 semel
1279 1151 1328 1215 dc

92 1239 281 1303 Heliodoro
306 1243 342 1302 ut
365 1239 608 1321 Xenophontis
631 1240 806 1302 imitatore
839 1240 1049 1303 sententiam
1083 1240 1231 1320 profert,
1262 1242 1329 1304 ubi

94 1329 208 1409 agitur
232 1329 276 1392 de
294 1330 375 1410 rogi
398 1329 578 1410 miraculo,
603 1328 656 1391 his
680 1328 764 1410 ipsis
788 1329 907 1391 verbis
926 1347 1026 1391 usus:
1052 1328 1085 1406 (l.
1103 1329 1123 1391 l.
1141 1346 1222 1408 pag.
1241 1328 1328 1408 250)

93 1417 220 1497 „Addit
254 1418 402 1499 denique
431 1417 714 1481 Hemsterhusius
745 1419 904 1481 conferre
939 1436 1017 1481 cum
1041 1417 1094 1481 his
1118 1418 1225 1481 licere
1250 1437 1327 1483 non

93 1506 295 1570 dissimilem
320 1526 440 1570 casum
465 1511 500 1570 et
524 1506 709 1570 exauditas
734 1505 939 1571 Charicleao
963 1525 1087 1588 preces
1112 1507 1205 1589 apud
1229 1506 1329 1573 Heli-

94 1596 248 1660 odorum.
297 1595 399 1676 Quod
430 1597 605 1659 611666111
636 1596 760 1676 166161,
798 1597 1017 1676 comparabit
1044 1597 1147 1659 simul
1176 1596 1327 1663 modum

92 1685 241 1766 prodigii
264 1686 358 1766 apud
381 1686 546 1749 Nostrum
570 1684 875 1766 simplicissimum,
901 1702 980 1748 cum
1003 1684 1062 1748 illo
1079 1685 1188 1748 multo
1205 1689 1328 1768 magis

93 1773 128 1836 in
150 1774 330 1850 Heliodori
352 1775 553 1838 narratione
575 1773 784 1854 incredibili,
808 1791 875 1837 nec
897 1776 1017 1838 tamen
1039 1775 1129 1837 16116
1152 1792 1222 1837 non
1248 1793 1328 1841 sus-

95 1863 275 1944 picabitur,
293 1864 522 1927 imitationem
539 1881 618 1927 esse
633 1863 726 1926 hanc
739 1862 812 1926 eius
825 1863 994 1944 miraculi,
1012 1863 1105 1944 quod
1116 1863 1325 1943 ingeniosus

93 1970 137 2016 ac
160 1952 310 2023 disertus
333 1953 392 2016 ille
417 1954 601 2034 opiscopus
626 1951 688 2034 (sc.
706 1952 927 2029 Heliodorus)
961 1952 1054 2033 apud
1077 1951 1243 2015 Nostrum
1272 1952 1324 2016 lc-

92 2041 226 2122 gerat.“
258 2041 415 2124 Suspicio
441 2042 580 2123 quidem
604 2045 700 2105 certe
723 2040 891 2104 hocloco
916 2041 1079 2123 nascitur,
1105 2060 1181 2105 rem
1206 2041 1258 2104 sic
1283 2061 1327 2107 se

47 2175 49 2179 2
92 2131 239 2213 habere,
264 2132 380 2194 ut·vir
404 2130 526 2194 doctus
553 2130 648 2212 dicit,
681 2131 744 2194 sed
774 2131 864 2193 firmi
895 2131 1091 2211 argumenti
1122 2130 1207 2193 nihil
1238 2130 1328 2197 inde

93 2221 333 2301 proficiscitur.
366 2220 442 2283 lam
466 2237 552 2282 vero
576 2220 611 2281 111
636 2219 790 2282 extensis
816 2222 1013 2283 ceterorum
1037 2220 1209 2284 editorum
1226 2237 1326 2285 com-

93 2310 274 2373 mentariis
297 2309 569 2372 innumerabiles
593 2308 785 2372 locutiones
810 2313 845 2373 61
868 2309 1045 2372 vocabula
1080 2327 1125 2372 ex
1159 2309 1326 2376 omnibus

94 2399 233 2462 eroticis
257 2399 419 2479 apposita
443 2400 531 2477 sunt,
556 2397 619 2460 sed
643 2397 690 2460 ad
705 2415 765 2460 eos
781 2399 889 2480 locos,
915 2399 1037 2479 quibus
1053 2397 1144 2461 haee
1160 2401 1327 2478 quaestio

93 2489 168 2549 tota
191 2489 265 2550 1616
290 2486 495 2567 continetur,
521 2487 778 2568 comparandos
801 2506 904 2551 nomo
930 2505 1051 2550 eorum
1076 2486 1234 2549 accessit.
1275 2489 1327 2555 Ut

93 2575 195 2640 brevi
218 2576 432 2658 praecidam,
458 2575 572 2638 adhuc
595 2594 709 2658 nemo,
735 2576 827 2657 quod
852 2576 992 2658 quidem
1016 2576 1126 2639 sciam
1160 2579 1194 2638 61
1226 2594 1326 2642 com-

93 2665 209 2745 perire
232 2665 414 2746 potuerim,
440 2668 642 2746 separatam
668 2683 812 2747 operam
836 2665 872 2728 in
896 2683 975 2729 eam
1000 2664 1240 2746 quaestionem
1256 2666 1326 2732 im-

94 2754 223 2835 pendit.
260 2752 484 2835 Quapropter
509 2772 638 2835 operae
662 2755 812 2836 pretium
836 2772 892 2817 me
915 2755 1090 2817 facturum
1115 2758 1324 2841 6666161116,

93 2862 163 2906 non
177 2843 345 2907 dubitavi
366 2861 444 2906 cam
461 2843 615 2924 aggredi.
647 2843 694 2907 Ut
711 2848 827 2906 autem
845 2861 914 2905 non
931 2843 1090 2912 efficiam,
1115 2843 1207 2925 quod
1224 2846 1324 2931 volo,

32 2984 42 3001 .
93 2935 213 2996 tamen
229 2951 285 2995 me
301 2951 371 2995 non
386 2932 579 3013 paenitebit
596 2933 814 3013 congessisse
832 2933 1016 3014 quaedam,
1035 2933 1175 3013 quaein
1192 2933 1325 3001 eadem

94 3021 297 3102 quaestione
320 3022 548 3085 retractanda
572 3022 647 3085 usui
671 3040 749 3085 esse
772 3021 915 3103 possint.
929 3019 984 3066 ³—-

252 3234 306 3299 Ac
328 3236 477 3316 primum
502 3236 642 3317 quidem
667 3234 852 3298 dicendum
885 3237 938 3296 661
969 3234 1013 3297 de
1036 3233 1204 3315 „artificio
1236 3251 1324 3313 quo-

95 3324 177 3386 dam
212 3324 420 3404 scriptorum
456 3325 666 3389 ereticorum
707 3341 750 3386 ex
784 3323 881 3386 vitae
918 3323 1082 3404 privatae
1115 3320 1324 3391 condicione

96 3412 209 3494 ducto,
235 3431 301 3494 quo
325 3414 563 3477 narrationem
588 3429 689 3475 suam
717 3412 766 3474 ita
788 3411 985 3493 instituunt,
1020 3415 1057 3474 ut
1089 3413 1250 3473 amantes
1284 3415 1323 3480 in

95 3502 204 3565 sacris
227 3502 367 3583 publice
391 3502 559 3566 obeundis
584 3519 628 3564 ac
650 3518 714 3581 per
730 3500 914 3563 sollemnia
931 3499 1151 3564 celebrandis
1167 3499 1323 3580 primum

94 3591 184 3655 inter
196 3609 274 3655 sese
287 3589 525 3673 66116111616111α
542 3589 699 3668 (Dilthey
716 3589 759 3653 de
772 3587 979 3654 Callimachi
992 3587 1152 3671 Cydippe
1168 3607 1248 3671 pag.
1261 3592 1322 3669 lo)

95 3684 130 3743 61
152 3680 357 3763 plerumque
380 3680 525 3743 vixdum
554 3680 644 3741 inter
668 3697 707 3742 se
731 3677 924 3758 conspicati
955 3695 1090 3742 summo
1123 3697 1243 3743 amore
1276 3700 1323 3746 ac

96 3769 266 3833 desiderio
290 3768 530 3833 incendantur.
572 3767 649 3831 Hoc
672 3768 857 3830 artificium
879 3784 982 3830 nemo
1006 3768 1081 3832 1616
1104 3786 1235 3849 corum,
1261 3774 1321 3850 qui

95 3858 232 3922 fabulas
256 3859 496 3922 Romanenses
521 3857 803 3925 adnotationibus
826 3856 1079 3940 instruxerunt,
1115 3861 1175 3921 aut
1199 3857 1242 3920 de
1267 3860 1321 3925 eis

96 3947 382 4029 disputaverunt,
420 3964 697 4010 commemorare
734 3945 890 4028 neglexit
932 3947 987 4024 (61.
1019 3946 1230 4011 Dorvillium
1273 3952 1322 4015 ad

96 4033 225 4101 Charit.
252 4036 317 4119 [ed.
334 4034 473 4118 Reiske]
498 4054 578 4118 pag.
596 4035 670 4100 208.
709 4035 989 4117 Peerlcampium
1014 4036 1060 4099 ad
1081 4035 1170 4100 Xen.
1189 4035 1319 4117 Ephes.

81 4143 167 4201 pag.
194 4125 240 4187 86
267 4144 319 4207 sq.
375 4124 561 4193 Locellam
593 4126 639 4194 ad
668 4126 760 4195 Xen.
789 4124 880 4210 Eph.
907 4143 993 4210 pag.
1017 4125 1093 4189 lua.
1134 4124 1327 4208 nondum,

57 4222 148 4291 raa
176 4211 270 4298 aa)
