2784 4456
113 172 218 237 dibile
234 192 322 256 esse,
339 174 608 255 Xenophontem
624 175 777 239 secundo
794 175 935 238 saeculo
952 193 985 256 p.
998 173 1077 240 Ohr.
1088 195 1121 239 n.
1139 176 1308 260 viguisse,
1319 177 1346 263 ¹)

112 261 216 343 idque
240 263 305 326 sibi
328 264 377 327 ita
400 281 607 344 persuasum
632 282 724 341 esse,
758 267 794 327 ut
818 264 920 326 nullis
951 282 1093 345 prorsus
1119 269 1343 346 argumentis

113 350 239 415 adduci
267 353 391 435 possit,
423 359 460 414 ut
488 370 568 415 eum
592 357 673 416 ante
701 353 928 416 Heliodorum
957 354 1139 434 scripsisse
1170 356 1344 434 eredat2).

112 440 169 519 (cf.
193 440 379 523 Rohdium,
410 441 484 504 Der
514 441 731 521 griechisehe
762 442 898 505 Roman
922 442 991 505 und
1020 444 1116 507 seino
1140 443 1344 530 Vorlttufer,

739 528 743 535 κ

112 546 192 610 pag.
210 529 274 594 392
300 531 417 594 adnot.
437 531 465 613 l,
490 529 555 592 393
581 531 697 594 adnot.
719 532 751 607 l)

271 673 353 736 Eius
377 672 491 755 unius,
518 673 652 754 opinor,
683 673 891 736 auctoritate
915 673 1047 736 fractus
1072 673 1342 758 Peerlcampius

111 760 212 840 (Xen.
231 761 317 843 Eph.
335 761 444 843 praef.
461 780 542 843 pag.
560 760 617 835 62)
643 762 734 843 dicit,
760 779 798 825 se
822 761 927 825 nimio
944 761 1087 843 Ephesii
1103 782 1224 828 amore
1241 767 1343 830 abla-

110 853 184 913 tum
207 851 242 913 in
266 851 423 914 oratione
453 851 497 914 de
530 869 572 914 eo
603 850 725 914 hahita
749 851 912 932 omnium,
947 855 1115 933 quotquot
1149 856 1340 939 supersint,

112 939 322 1002 eroticorum
346 939 624 1021 antiquissimum
653 958 733 1003 eum
766 958 844 1003 esse
878 940 1052 1004 statuisse.
1099 941 1203 1005 Haud
1227 945 1341 1009 multo

110 1032 190 1108 post
213 1027 341 1092 iterata
365 1047 472 1110 saepe
495 1028 587 1091 illius
611 1029 762 1092 lectione
783 1033 818 1092 et
835 1030 1034 1093 accuratius
1052 1048 1131 1093 oum
1148 1032 1225 1094 aliis
1241 1033 1340 1098 insti-

109 1119 185 1179 tuta
202 1118 464 1199 comparatione
485 1136 523 1181 se
541 1135 695 1181 errorem
714 1118 865 1181 sensisse
894 1122 928 1181 et
944 1118 1215 1200 Xenophontem
1232 1122 1340 1203 longe

110 1209 189 1286 post
226 1205 405 1271 Heliodori
445 1210 607 1288 tempora
647 1207 781 1270 reicere
821 1207 990 1288 coepisse.
1022 1245 1065 1252 -
1097 1207 1226 1287 Corayi
1259 1230 1339 1274 sen-

109 1295 255 1358 tentiam
286 1296 392 1361 etiam
414 1296 627 1378 PassowiuS,
660 1294 762 1378 Corp.
785 1301 870 1360 erot.
894 1297 963 1361 vol.
985 1296 1019 1359 ΙΙ
1041 1315 1121 1378 pag.
1143 1297 1182 1358 10
1207 1316 1256 1378 sq.
1283 1320 1338 1363 so-

111 1387 210 1447 cutus
235 1387 298 1448 est.

267 1526 382 1609 Atque
399 1527 537 1591 omnino
555 1527 649 1608 apud
664 1527 889 1608 recentiores,
915 1528 972 1608 qui
996 1527 1136 1608 quidem
1160 1544 1198 1590 se
1223 1526 1266 1590 de
1291 1546 1336 1591 ca

108 1632 147 1679 re
170 1615 264 1679 idem
288 1617 417 1680 sentire
440 1617 684 1698 profiteantur,
715 1633 794 1679 cum
824 1614 910 1678 nihil
943 1618 1027 1679 novi
1056 1617 1254 1697 argumenti
1286 1619 1335 1679 af-

107 1703 231 1786 ferant,
257 1706 379 1769 valere
403 1706 475 1769 eius
493 1705 740 1769 auctoritatem
757 1704 928 1768 existimo.
947 1740 991 1748 -
1006 1703 1111 1767 Velut
1128 1705 1168 1767 H.
1187 1705 1336 1769 Peterus

108 1792 236 1873 (Neues
268 1793 435 1858 Schweia.
460 1793 628 1876 Museum,
676 1793 706 1856 6.
731 1792 915 1873 Jahrgang
952 1791 1047 1870 1866)
1092 1796 1337 1857 tantummodo

107 1883 228 1946 statuit
254 1882 481 1947 Heliodorum
512 1887 664 1947 exeunte
696 1882 838 1945 saeculo
863 1884 1004 1962 quarto,
1036 1883 1128 1962 (pag.
1150 1878 1204 1961 18)
1228 1883 1337 1960 paulo

109 1976 188 2052 post
206 1990 286 2035 eum
298 1972 472 2036 Achillem
484 1973 633 2054 Tatium,
648 1970 742 2053 (pag.
756 1969 812 2045 28)
828 1987 944 2051 neque
959 1969 1009 2033 ita
1022 1971 1130 2033 multo
1143 1973 1223 2050 post
1235 1967 1340 2034 huius

108 2063 263 2124 aetatem
283 2062 552 2143 Xenophontem
572 2060 763 2142 Ephesium
792 2057 966 2143 (9118291
992 2059 1184 2140 scripsisse.
1233 2056 1340 2138 Quod

108 2153 227 2213 autem
239 2151 381 2232 quidam
395 2151 594 2215 existiment
614 2149 886 2231 Xenophontem
899 2149 963 2212 sub
971 2148 1154 2212 Antoninis
1166 2148 1339 2233 floruisse,

108 2256 169 2302 eos
186 2239 293 2303 valde
310 2258 443 2322 errare,
474 2257 552 2303 oum
582 2239 642 2303 ille
674 2242 797 2320 quarto
829 2239 888 2303 vel
912 2239 1030 2320 quinto
1056 2238 1212 2317 saecule,
1239 2244 1339 2301 certe

106 2345 178 2392 non
202 2333 283 2393 ante
307 2328 533 2393 Heliodorum
557 2328 670 2391 fuerit.

265 2470 426 2552 Longum
450 2475 503 2536 est
527 2489 735 2536 enumerare
758 2472 902 2535 nomina
925 2469 1088 2551 omnium,
1114 2468 1172 2550 qui
1194 2468 1230 2531 in
1252 2489 1337 2536 ean-

107 2560 187 2624 dem
211 2561 420 2625 sententiam
445 2562 691 2643 discesserunt,
719 2560 824 2642 idque
849 2579 890 2623 eo
919 2559 1031 2621 minus
1061 2576 1148 2639 opus
1181 2576 1260 2622 esse
1284 2563 1338 2625 vi-

106 2649 222 2732 detur,
252 2650 358 2733 quod,
386 2650 452 2714 nisi
476 2669 597 2714 eorum
621 2649 879 2730 argumentatio
903 2665 967 2728 per
995 2665 1033 2710 se
1062 2647 1164 2710 firma
1192 2652 1259 2728 est,
1290 2669 1338 2714 ne

106 2738 260 2802 maximo
285 2739 424 2820 quidem
447 2758 593 2803 numero
616 2737 795 2802 nominum
817 2736 1036 2800 corroborari
1058 2741 1183 2817 potest.
1232 2735 1336 2817 Quae

107 2831 202 2891 certe
236 2829 436 2910 spernenda
471 2847 541 2892 non
580 2831 688 2908 esset,
730 2827 759 2888 si
798 2826 842 2889 de
882 2826 1080 2890 fabularum
1120 2827 1335 2892 eroticarum

105 2917 305 2981 auctoribus
344 2918 477 2982 eisdem
514 2919 604 2982 notis
641 2917 796 2980 iudicare
830 2914 929 2978 nobis
960 2915 1097 2997 liceret,
1132 2915 1256 2997 quibus
1289 2917 1336 2981 de

104 3006 332 3088 scriptoribus
356 3007 483 3090 latinia,
508 3007 566 3089 qui
589 3007 723 3071 eisdem
746 3004 962 3086 temporibus
986 3005 1183 3085 ulguerunt.
1233 3004 1336 3069 Nunc

105 3097 223 3158 autem
246 3095 317 3159 iam
341 3096 477 3177 pridem
501 3096 679 3177 cognitum
702 3097 766 3176 est,
791 3112 901 3174 genus
926 3093 1101 3158 scribendi
1134 3094 1246 3172 magis
1272 3100 1335 3157 aut

104 3183 217 3247 minus
240 3183 394 3249 Atticum
418 3186 453 3248 in
478 3185 527 3249 eis
551 3183 779 3266 scriptoribus
804 3180 964 3263 GraeoiS,
995 3183 1053 3264 qui
1077 3180 1254 3262 sophistae
1278 3197 1333 3242 re-

105 3273 278 3336 centiores
301 3274 535 3355 nominantur,
560 3292 627 3354 quo
651 3273 855 3335 innumero
878 3271 1095 3335 fabulatores
1112 3267 1261 3331 eroticos
1287 3271 1335 3334 ad

104 3379 210 3425 unum
234 3381 356 3427 omnes
385 3381 464 3427 esse
492 3366 644 3441 constat,
679 3365 812 3424 certam
846 3361 971 3424 aetatis
999 3362 1120 3422 notam
1152 3373 1230 3418 osse
1262 3375 1333 3423 non

103 3468 218 3534 posse,
240 3456 433 3534 propterea
464 3452 557 3534 quod
588 3451 638 3514 illi
669 3450 859 3531 scriptores
894 3468 964 3513 non
997 3466 1040 3510 ea
1072 3445 1206 3527 lingua,
1239 3464 1331 3527 quae

102 3538 258 3623 ipsorum
281 3541 497 3623 temporibus
521 3541 556 3603 in
579 3558 645 3603 usu
669 3542 774 3620 atque
799 3556 859 3602 ore
877 3538 1093 3601 craecorum
1111 3541 1196 3615 erat,
1221 3535 1329 3601 libros

102 3646 184 3693 suos
209 3633 493 3712 composuerunt,
523 3629 587 3692 sed
609 3646 673 3710 pro
698 3646 762 3691 sua
786 3628 932 3708 quisquc
955 3625 1125 3687 facultate
1150 3625 1332 3706 antiquum

102 3717 257 3782 Atticum
281 3736 480 3783 sermonem
504 3717 629 3781 imitati
653 3720 741 3780 sunt.

264 3895 283 3962 ¹)
303 3893 340 3950 ib.
360 3893 375 3950 Ι
394 3909 461 3965 pag.
488 3899 519 3946 ιε’
540 3890 677 3945 α’πίθανσν
703 3893 744 3945 tu
769 3897 785 3945 ὁ
808 3887 939 3961 Ξενοφῶν
962 3891 1085 3962 ἤκμασεν
1108 3893 1147 3950 εἰς
1173 3895 1220 3942 τὸν
1236 3889 1332 3959 αἰῶνα,

101 3971 171 4030 ὅστις
188 3971 318 4041 ἐγέννησε
336 3974 382 4022 τὸν
400 3969 580 4040 Πλούταρχον,
599 3974 645 4021 τὸν
664 3968 790 4038 Γαληνόν,
815 3974 862 4021 τὸν
880 3973 1037 4034 Λουκιανόν,
1062 3965 1105 4021 καὶ
1129 3966 1222 4024 ἄλλους
1245 3976 1334 4034 τοιού,

102 4064 163 4107 σονς
180 4049 282 4115 σαφοῦς
300 4041 344 4099 καὶ
361 4045 590 4117 πεπαιδευμένους
606 4044 713 4118 ἄνδρας.
732 4077 762 4087 -

259 4142 335 4212 ¹)1‘b.
352 4141 393 4200 Ι[
404 4160 475 4217 pag.
495 4150 522 4209 ς’
540 4144 720 4218 ἅρχσιότερον
736 4143 896 4218 Ἡλιοδώρου
913 4147 1060 4212 γεγονέναι
1075 4146 1121 4193 τὸν
1140 4147 1173 4192 ια
1187 4142 1339 4206 'mescone

81 4217 228 4276 ’ἥψω
242 4217 335 4278 offic}
343 4224 388 4289 γε’
398 4222 438 4292 ,u’
450 4223 490 4276 ἄν
506 4220 640 4290 πείσειεν,
659 4222 723 4277 οὐδ’
740 4224 777 4293 ἦν
796 4218 881 4291 πείσῃ
901 4250 932 4261 -
