2784 4456
647 39 686 87 lt}

586 112 746 121 --—

210 212 401 281 Plurimum
426 219 544 279 autem
579 214 624 278 ad
646 215 776 278 nodum
811 210 1067 296 expediendum
1099 208 1186 278 duas
1218 227 1275 279 res

49 306 174 371 valere
206 306 331 369 iudico
394 304 531 368 Etenim
569 321 676 385 supra
711 304 910 385 expositum
946 308 1000 367 est
1036 302 1120 368 illud
1152 304 1277 379 ,παῖδα

48 388 193 478 ἐνόμιζεν
217 389 323 460 αὑτοῦ
344 395 399 458 καὶ
421 385 536 476 ἠγάπα
560 386 803 480 διαφερόντως“
827 412 848 457 a
871 392 1104 474 Xenophonte
1128 413 1173 458 ex
1198 412 1276 458 con-

48 485 235 550 suetudine
259 485 412 566 quadam
442 485 573 547 dictum
598 501 685 546 esse.
734 481 836 562 Quod
865 483 969 563 igitur
1002 481 1211 547 Heliodorus
1241 483 1277 545 in

48 575 208 640 eiusdem
232 574 284 637 rei
308 574 521 637 mentionem
544 572 612 635 hoc
627 573 702 653 ipso
719 571 797 635 loco
814 571 942 654 incidit,
968 571 1046 653 plus
1064 589 1169 653 quam
1187 571 1275 636 veri-

48 664 163 728 simile
189 666 242 727 est
266 663 356 727 illius
381 662 544 743 exemplo
562 679 642 724 eum
659 660 848 724 adductum
865 678 953 742 esse,
980 663 1015 723 ut
1031 660 1081 723 ita
1096 662 1275 725 scriberet.

49 753 120 818 Sed
144 751 225 815 huic
248 752 299 815 rei
323 751 436 814 minus
461 750 682 813 tribuendum
699 767 777 814 esse
798 750 969 831 existimo,
995 767 1101 830 quam
1118 751 1159 832 ei,
1185 749 1277 832 quod

50 841 226 922 Tyrrheni
248 857 396 903 uxorem
419 839 552 920 pariter
577 842 681 920 atque
702 838 860 919 Aegialei
884 838 1079 902 decessisse
1104 845 1276 903 narratur.

52 929 138 1010 Quis
164 930 256 993 enim
279 946 348 992 non
372 928 479 1008 videt,
513 945 573 990 cur
597 926 794 1008 Xenophon
817 926 976 1008 Aegialei
1008 945 1154 992 uxorem
1186 945 1276 991 mor-

51 1023 150 1083 tuam
175 1036 253 1082 esse
277 1016 434 1080 scribat?
481 1015 615 1097 Nempe
638 1016 798 1098 Aegialei
821 1016 953 1079 factum
974 1020 1009 1078 ut
1027 1016 1152 1080 mirum
1170 1016 1277 1099 quod-

50 1110 135 1173 dam
160 1107 289 1171 amoris
314 1105 514 1187 exemplum
545 1105 645 1168 nobis
668 1104 845 1187 proponit,
879 1105 937 1186 qui
971 1123 1053 1170 ase
1087 1106 1277 1188 impetrare

48 1216 122 1261 non
145 1195 311 1277 potuerit,
341 1198 378 1258 ιιι
402 1212 528 1275 corpus
552 1199 712 1257 mortuae
737 1194 854 1257 uxoris
886 1193 1060 1276 sepeliret,
1094 1195 1157 1259 sed
1180 1212 1278 1258 more

49 1285 228 1366 AegyptIo
254 1283 431 1348 conditum
455 1282 547 1346 domi
570 1283 701 1346 habeat
717 1287 751 1346 et
767 1283 929 1365 perinde,
948 1300 991 1346 ac
1014 1283 1044 1346 si
1060 1282 1170 1365 vivat,
1198 1301 1278 1347 cum

53 1392 98 1438 ea
120 1374 282 1455 loquatur
306 1373 449 1453 eiusque
473 1375 619 1453 aspectu
643 1390 681 1435 se
706 1372 905 1436 consoletur
936 1371 1030 1454 (pag.
1055 1371 1130 1453 381,
1161 1372 1199 1437 l'l
1225 1389 1275 1455 sq.

53 1462 107 1531 ἀεί
136 1491 168 1532 τε
199 1461 240 1542 ὡς
269 1462 353 1557 ζώση
387 1466 477 1530 λαλῶ
499 1516 505 1528 .
529 1513 536 1528 .
560 1516 565 1528 .
590 1517 595 1528 .
620 1459 706 1544 αὕτη
734 1489 773 1548 με
795 1468 1047 1549 παραμυθεῖται
1069 1464 1278 1551 βλεπομένη).

54 1563 109 1630 Ob
135 1584 295 1718 eamquet
312 1583 388 1628 rem
411 1564 670 1627 Habrocomem
702 1582 802 1627 suam
832 1567 1008 1629 fortunam
1039 1565 1275 1648 miserantem,

53 1653 229 1804 Aegialeit
236 1659 295 1718 ant
298 1672 354 1717 em
378 1653 485 1718 felicit
487 1653 536 1716 ati
563 1653 721 1717 invident
707 1657 779 1716 tem
812 1654 950 1717 eteius
984 1672 1141 1718 amorem
1173 1658 1278 1737 atque

56 1747 158 1806 const
160 1745 219 1805 ant
220 1742 290 1806 iam
318 1743 551 1806 admirantem
578 1742 724 1805 inducit:
758 1761 838 1824 pag.
862 1741 1005 1822 381,25
1029 1761 1079 1824 sq.
1114 1732 1139 1806 ὦ
1161 1743 1279 1808 πασῶν

57 1829 299 1921 δυστυχεστάτη
321 1829 411 1922 κόρη,
435 1828 514 1902 πότε
536 1828 703 1920 comprimo
725 1858 789 1900 καν
809 1829 943 1920 νεκράνς
964 1838 1110 1920 Αἰγιαλεῖ
1133 1840 1193 1920 μὲν
1215 1863 1278 1925 γαρ

56 1935 121 1996 voti
142 1931 217 2013 βίον
238 1926 362 2015 μεγάλη
386 1933 590 2014 παραμυθία
613 1924 651 1995 τὸ
674 1939 767 2014 σῶμα
786 1954 824 1994 το
815 1924 1022 2010 Θελξινόης,
1047 1934 1101 1996 καὶ
1123 1934 1183 1998 νῦν
1205 1930 1280 2013 ἁλη-

57 2027 132 2100 θῶς
152 2019 380 2110 μεμαθηκα,Ι
369 2020 421 2089 ότι
443 2028 521 2109 ἔρως
544 2017 751 2106 ἀληθινὸς”
734 2048 853 2110 ορονι
833 2020 960 2103 ἡλικίας
981 2020 1041 2090 οὐκ
1065 2030 1176 2113 ἔχινὲ
1176 2025 1223 2110 yn}
1245 2028 1279 2092 δὲ

56 2122 234 2203 πλανῶμαι
243 2122 315 2228 ,μὲν
338 2112 423 2184 κατοι
452 2122 566 2184 πᾶσαν
591 2121 653 2204 γῆν
681 2122 735 2184 καὶ
760 2113 951 2221 δαλαιισαν,
981 2114 1021 2184 οὐ
1043 2115 1219 2206 δεδύνημαι
1246 2122 1280 2187 δὲ

52 2208 190 2276 οὐδὲν’
174 2215 316 2277 ακοῦσαι
339 2237 410 2297 περι
433 2216 502 2279 σοῦ.

215 2370 329 2451 Quam
370 2376 552 2440 commode
587 2376 679 2441 hanc
719 2378 762 2441 de
793 2376 951 2458 Aegialei
987 2395 1107 2442 amore
1143 2383 1178 2442 et
1210 2378 1279 2444 fide

53 2461 291 2526 narrationem
316 2460 486 2542 Ephesius
510 2463 650 2530 fabulae
674 2485 760 2530 suae
782 2466 983 2549 inseruerit,
1016 2466 1144 2548 quippe
1173 2485 1279 2549 quam

53 2552 257 2616 universam
280 2550 365 2613 nihil
389 2551 577 2618 aliudesse
595 2555 680 2619 velit
703 2556 769 2619 nisi
792 2555 868 2620 veri
885 2558 920 2619 et
938 2556 1130 2637 incorrupti
1147 2557 1277 2621 amoris

56 2639 268 2723 exemplum,
294 2639 473 2720 disputare
497 2658 582 2705 sane
606 2645 746 2725 quidem
771 2661 857 2726 opus
881 2647 1037 2708 nonest.

214 2797 305 2879 Quid
336 2802 455 2863 autem
477 2799 656 2866 Heliodori
683 2804 839 2869 narratio
869 2804 934 2868 sibi
958 2804 1043 2869 velit
1080 2805 1165 2869 item
1196 2807 1278 2870 sori-

55 2890 183 2971 bentiS,
209 2889 383 2968 Tyrrheni
406 2889 590 2971 piscatoris
615 2909 760 2957 uxorem
785 2894 914 2975 obisse,
946 2893 1107 2975 equidem
1136 2912 1279 2976 prorsus

55 2978 227 3059 dispicere
250 2996 396 3059 nequeo.
443 2978 744 3059 Ingeniosissimus
769 2983 861 3046 enim
890 2984 1040 3064 scriptor
1069 2983 1154 3047 nihil
1186 2984 1281 3048 aliud

54 3066 162 3130 habet
149 3067 296 3130 tnobis
333 3067 464 3149 dicere,
500 3068 565 3130 nisi
599 3074 737 3134 mortua
768 3075 881 3135 matre
915 3072 1088 3136 nutricem
1122 3072 1158 3136 in
1194 3090 1279 3138 casa

56 3154 230 3234 Tyrrheni
256 3155 377 3237 fuisse,
407 3174 499 3238 quae
529 3157 643 3220 filiolis
669 3158 748 3222 eius
781 3159 971 3225 educandis
989 3178 1145 3267 operam
1175 3163 1276 3227 daret

56 3244 203 3323 (Heliod.
232 3244 303 3324 140,
329 3244 423 3326 bsq.
449 3239 547 3328 κάμοὶ
566 3237 629 3332 γὰρ
653 3247 764 3322 παῖδες
786 3251 865 3314 sinin
887 3252 935 3314 l‘u
957 3243 1016 3315 δύο
1039 3251 1278 3327 συσσιτοῦντες,

59 3337 108 3443 [ol
125 3341 370 3423 προγενέστεροι
392 3339 426 3403 δὲ
447 3365 610 3426 γημαντες
642 3339 730 3408 οἴκου
753 3335 901 3429 ἄρχουσι]
930 3346 984 3409 καὶ
1012 3341 1176 3430 τετάρτη
1203 3369 1281 3431 τρο

58 3419 180 3512 φὸςὴ
207 3431 283 3494 τῶν
310 3430 482 3514 παίδων).
529 3431 633 3497 Cuius
656 3432 799 3496 nutricis
823 3439 1010 3514 praeterea
1033 3437 1161 3499 mentio
1185 3437 1282 3500 nulla

57 3517 276 3582 ntProfect
263 3524 298 3583 ιο
316 3537 446 3601 operae
463 3521 613 3602 pretium
629 3540 697 3585 non
724 3524 800 3586 erat
816 3522 860 3585 de
883 3526 955 3586 mat
957 3523 1004 3586 ris
1030 3528 1142 3589 morte
1123 3526 1281 3590 everha

56 3605 189 3686 facere,
220 3608 249 3671 si
272 3608 357 3672 nihil
381 3609 475 3673 aliud
499 3611 696 3674 ornamenti
718 3610 911 3674 narrationi
940 3611 1021 3675 inde
1054 3631 1280 3678 accessurum

58 3698 144 3774 erat,
169 3694 234 3758 nisi
257 3701 294 3759 ιιι
317 3699 434 3762 nutrix
457 3699 492 3761 in
515 3700 637 3763 matris
662 3700 777 3764 locum
801 3700 1078 3765 substitueretur.

218 3853 287 3920 Sed
303 3856 370 3922 hoc
389 3879 458 3924 una
469 3861 607 3924 omnino
624 3860 760 3925 ratione
777 3861 934 3942 intellegi
950 3864 1076 4012 PtOtssst·
1108 3862 1279 3928 Videlicet

57 3964 101 4010 ea
124 3944 399 4027 Ephesiacorum
431 3950 641 4013 narrationis
675 3968 775 4032 pars,
808 3969 877 4033 qua
910 3950 982 4031 agit
984 3967 1024 4012 ur
1057 3949 1100 4015 de
1124 3951 1281 4033 Aegialei

55 4035 240 4117 piscatoris
264 4035 389 4118 hospit
380 4055 423 4118 ιο,
449 4042 533 4120 apta
548 4038 693 4103 videbat
680 4042 735 4102 tur
747 4039 947 4123 Heliodoro,
965 4057 1074 4120 quam
1087 4040 1296 4101 imitatione

56 4123 256 4188 ascisceret.
303 4125 427 4206 Itaque
451 4143 508 4208 ea,
533 4126 658 4209 quibus
690 4128 853 4193 similiter
885 4146 931 4192 se
953 4124 1121 4188 teotonis
1152 4119 1330 4176 ammo

57 4211 199 4275 afficere
223 4230 331 4295 posse
360 4213 453 4279 arbit
439 4217 553 4283 titare
554 4235 615 4303 ur,
646 4217 690 4284 in
718 4236 834 4285 suum
853 4217 1007 4281 librum
1033 4194 1336 4337 ιιωιιὶιῖιῌῦ
