2784 4456
656 64 695 132 13

594 159 754 166 ------

53 262 143 326 Xen.
161 279 240 344 pag
257 260 331 324 332.
352 259 401 325 18.
438 259 505 324 Καὶ
527 249 602 322 τότε
622 258 682 341 μὲν
707 248 876 331 θύσαντες
897 249 1150 336 ἀπηλλάττοντο
1168 247 1288 322 λυποά-

55 379 147 440 μενοι
168 359 223 421 καὶ
241 357 291 438 rei
313 346 404 438 τάχει
419 355 477 434 τῆς
490 347 684 465 ἀπαλλαγῆς
695 345 895 462 μεμφόμενοι
912 375 966 415 και
959 344 1141 430 ἀλλήλους
1154 349 1287 431 βλέπειν

56 453 264 526 ἐθέλοντεςὲ
267 441 518 537 πιστρεφόμενοι
539 471 594 511 και
617 439 833 534 ὑφιστάμενοι
857 437 981 520 πολλάς
1008 437 1190 533 προφάσεις
1221 445 1289 509 δια·

57 547 171 632 τριβῆς
191 541 348 631 εὕρισκον.

215 687 301 770 Ηοο,
327 686 420 768 quod
444 685 625 768 aptissime
656 684 787 748 dictum
822 701 900 749 esse
934 684 977 748 de
1013 683 1285 748 adulescentulis

56 779 167 859 primo
200 782 235 841 et
265 776 364 857 quasi
395 775 521 856 puerili
557 791 677 837 amore
721 773 833 854 captis
875 791 978 836 nemo
1018 791 1088 836 non
1120 773 1284 855 fateatur,

55 868 91 930 in
130 865 310 930 Heliodori
347 882 499 946 pompae
542 863 705 944 descr‘ipt
697 881 776 926 rone
817 863 984 926 omissum
1027 867 1090 926 est.
1147 823 1287 926 Scilicet

55 975 126 1019 non
150 955 349 1037 quadrabat
335 957 413 1016 teo
438 955 526 1035 loco,
553 970 633 1015 cum
649 952 847 1032 Theageuis
865 951 1009 1033 eiusque
1026 951 1191 1014 comitum
1209 970 1287 1015 con-

56 1046 192 1109 vivium
217 1061 296 1106 eam
319 1061 486 1124 pompam
511 1041 674 1154 excipiat.
652 1040 857 1104 tHeliod.
874 1059 954 1122 pag.
969 1040 1022 1122 84,
1039 1040 1081 1103 38
1090 1058 1157 1155 sq
1204 1061 1285 1146 προς

56 1132 195 1246 εὐωχίαν
219 1137 284 1200 τῶν
308 1134 483 1201 θετταλῶν
507 1135 698 1217 τραπέντον,
722 1127 796 1197 tol
822 1124 923 1208 τ”λλος
938 1091 1067 1216 δῆμόςέ
1069 1125 1096 1197 π’
1118 1125 1207 1196 οἶκον
1231 1121 1289 1195 τὸν

56 1222 140 1286 ίδιον
167 1227 301 1296 ἕκαστος
324 1215 536 1304 ἀνεχάρνμσεν

217 1363 286 1428 Sed
310 1364 378 1427 alio
405 1364 481 1426 loeo
506 1364 614 1426 multo
649 1363 761 1425 minus
794 1362 934 1443 idonee,
971 1360 1027 1425 ubi
1053 1362 1209 1424 Arsacen
1233 1378 1284 1423 re-

55 1453 198 1534 pentino
233 1457 267 1517 et
298 1452 484 1516 immodico
518 1452 671 1533 quodam
704 1451 902 1531 Theagenis
934 1468 1054 1513 amore
1088 1454 1288 1531 correptam

58 1560 136 1606 esse
160 1547 333 1646 narratur,
359 1541 541 1604 simillimis
577 1541 693 1604 verbis
724 1559 806 1603 usus
830 1539 1039 1603 Heliodorus
1074 1539 1173 1602 dicit:
1206 1557 1287 1620 pag.

60 1630 131 1712 89,
156 1625 241 1694 26'
224 1623 380 1716 απεχάρει
403 1631 436 1695 δὲ
460 1632 515 1695 καὶ
546 1626 564 1710 ἡ
584 1624 729 1715 Ἀρσάκη
749 1623 889 1713 μόλιςμ
890 1631 925 1694 ὲν
947 1630 1002 1694 καὶ
1024 1621 1227 1704 πολλάκις
1210 1650 1288 1692 ανα

57 1730 246 1809 στρέφουσα
279 1727 348 1802 (καὶ
370 1728 494 1791 πλείονι
524 1728 691 1810 θεραπείᾳ
720 1726 828 1804 δῆθεν
856 1727 897 1817 τῇ
921 1726 991 1839 περὶ
1020 1721 1081 1804 τὴν
1111 1718 1194 1789 θεὸν
1221 1728 1290 1788 ἐνα-

56 1814 196 1898 λόουσα)
228 1812 312 1902 πλὴν
347 1814 459 1886 ἀλλ”
441 1813 599 1906 απεχάρει
630 1845 665 1905 γε
696 1813 760 1906 ὀψέ
783 1842 877 1897 ποτε,
913 1823 968 1884 καὶ
992 1813 1093 1903 θαμά
1123 1809 1208 1906 πρὸς
1232 1811 1290 1882 τόν

59 1916 223 2000 θεαγὲνιγν
246 1920 304 1991 ἕως
326 1917 438 1996 ἐξῆνέ
440 1937 538 2000 πιστρ
540 1919 676 2005 1.φουσα
704 1954 738 1962 -

218 2055 333 2136 Quam
356 2058 475 2139 inepte
500 2076 543 2121 ea
567 2057 662 2120 dieta
686 2057 754 2120 sint
778 2057 822 2121 de
846 2075 967 2120 sorore
983 2056 1076 2138 regis
1094 2057 1281 2120 Persarum

55 2147 251 2227 eademque
275 2147 427 2227 satrapis
450 2147 617 2249 Aegypti
629 2164 749 2227 uxore
774 2146 904 2209 femina
928 2146 1024 2226 regio
1049 2146 1147 2227 spirit
1151 2165 1172 2208 u
1134 2145 1287 2209 ttaela

56 2234 203 2311 (Heliod.
221 2254 301 2316 pag.
323 2235 394 2315 119,
417 2235 456 2297 19
473 2253 545 2316 seq
578 2228 670 2300 τότε
693 2228 850 2321 φρόνημα
873 2237 905 2316 ἐξ
927 2229 1085 2319 εὐγενείας
1112 2230 1291 2319 ὑπέρογκος

57 2350 111 2390 και
130 2324 244 2394 οἶον
220 2331 303 2404 εικὸς
315 2320 385 2432 ‘squ
408 2320 554 2416 άὸελφὴν
575 2329 735 2412 βασιλέως
758 2332 819 2395 τοῦ
838 2325 981 2415 μεγάλου
1005 2341 1190 2413 γεγονυῖαν)
1213 2335 1289 2414 ipse

57 2418 165 2498 script
167 2437 206 2482 or
230 2419 382 2483 sensisse
407 2420 450 2482 ob
476 2438 625 2501 eamque
659 2438 735 2484 rem
766 2420 856 2484 haec
886 2422 998 2485 verba
1031 2421 1208 2486 addidisse
1241 2423 1288 2486 vi-

58 2505 117 2568 det
103 2509 173 2570 tur:
209 2508 264 2572 καὶ
287 2509 411 2573 πλείονι
434 2512 599 2594 θεραπεία
626 2511 792 2590 ὸῆθενο.
818 2529 849 2590 q.
875 2528 912 2592 s,
934 2528 1072 2661 neque
1096 2513 1216 2574 tamen
1251 2515 1288 2575 ut

57 2593 245 2675 quidquam
270 2599 353 2661 omit
356 2603 445 2662 teret
470 2605 530 2662 ant
552 2600 755 2663 immutaret
779 2618 800 2662 a
824 2617 862 2663 se
886 2602 947 2681 pot
950 2598 1042 2662 uisse
1064 2599 1172 2680 impet
1174 2618 1264 2665 rare.

217 2740 373 2805 Maxima
401 2742 560 2823 profecto
593 2742 745 2824 suspicio
780 2746 833 2805 est
820 2741 932 2805 thoe
962 2758 1007 2803 ex
1041 2759 1192 2822 pompae
1226 2743 1283 2807 de-

58 2826 246 2907 scriptione
269 2829 511 2910 Xenophontis
537 2836 713 2914 sumptum
739 2835 773 2894 et
799 2831 907 2894 multo
930 2831 1042 2893 minus
1064 2829 1189 2894 idoneo
1206 2832 1284 2894 loco

57 2916 214 3069 posituml
239 2935 345 3068 tesse:
388 2919 508 3000 Neque
554 2921 646 2984 enim
682 2922 731 2984 ita
766 2921 851 2984 felix
886 2920 1040 2983 imitator
1076 2918 1285 2984 Heliodorus

60 3023 138 3068 esse
162 3024 200 3069 so
217 3024 260 3069 e.

217 3145 327 3210 Venio
344 3166 437 3211 nuuc
461 3150 508 3213 ad
524 3149 673 3213 alteram
689 3168 775 3231 rem,
801 3168 906 3230 quam
922 3149 991 3213 huc
1006 3149 1183 3232 pertinere
1200 3151 1288 3214 arbi-

55 3239 138 3299 1.1ο1·
193 3234 328 3299 Eodem
371 3237 462 3300 enim
502 3239 580 3302 loco
618 3238 816 3320 Xenophon
856 3239 925 3303 hnt
927 3239 1021 3302 hiam
1060 3257 1140 3302 eum
1172 3237 1288 3304 Diana

57 3326 124 3387 dea
148 3331 332 3407 comparat
356 3328 460 3407 atque
484 3328 619 3391 tttdeo
605 3333 785 3409 tamquam
817 3329 930 3410 ipsam
965 3329 1068 3392 deam
1103 3328 1228 3391 adorat
1215 3334 1288 3392 tam

57 3430 134 3474 esse
158 3421 288 3480 narrat.
267 3415 425 3480 tXen.
444 3435 523 3497 pag.
541 3416 604 3479 331
609 3416 729 3527 ,8111
774 3411 931 3494 πολλάκις
954 3409 1058 3498 αὐτὴν
1040 3419 1135 3483 νὲπὶ
1157 3419 1219 3483 τοῦ
1241 3443 1286 3483 τε

54 3509 171 3587 μένους
193 3507 316 3586 ἰδόντες
338 3504 482 3618 Ἐφέσιοι
504 3502 752 3595 προσεκύνησαν
775 3506 817 3588 ὡς
839 3497 1003 3598 ἌρτεμινΙ
1042 3513 1111 3577 Και
1136 3507 1198 3577 τότ
1227 3502 1287 3578 οὖν

56 3593 164 3758 ὁφθεί
162 3621 221 3681 σης
243 3599 401 3688 ἀνεβόησε
424 3597 462 3669 τὸ
485 3607 631 3686 πλῆθος,
653 3615 707 3670 καί
730 3596 817 3687 ἦσαν
839 3610 985 3672 ποικίλαι
1007 3605 1099 3694 παρὰ
1116 3609 1183 3671 τῶν
1201 3611 1284 3673 θεω-

53 3698 160 3780 μένων
189 3702 307 3782 φωναί,
339 3703 404 3765 τῶν
437 3702 497 3784 μὲν
530 3695 578 3766 υπ’
615 3694 792 3783 ίκπληξεως
820 3704 882 3784 τῆν
904 3694 1040 3768 θεὸν
1012 3725 1094 3768 ειναι
1116 3695 1287 3787 λεγόντων

55 3795 122 3860 τῶν
156 3795 190 3860 δὲ
218 3788 320 3878 άλλην
351 3793 427 3865 τινά
459 3791 525 3865 ὑπὸ
556 3802 615 3880 τῆς
647 3802 734 3866 θεοῦ
762 3805 1100 3906 nequaquaquam.
1133 3838 1173 3849 -
1208 3800 1285 3881 Quo

55 3886 168 3967 magis
193 3891 253 3950 aut
255 3905 311 3950 em
334 3889 525 3969 perspiciat
527 3909 578 3973 ur,
603 3895 711 3993 quant
714 3891 724 3953 i
740 3893 908 3955 momenti
883 3892 1039 3956 t'hoe
1012 3898 1056 3956 sit
1043 3892 1119 3955 tad
1136 3892 1285 3973 quaesti-

56 3993 159 4039 onem
183 3976 471 4058 persolvendam,
506 3997 627 4042 omnes
651 3980 683 4043 ei
706 3979 776 4042 loci
807 3981 1007 4062 apponendi
1037 3987 1131 4061 sunt,
1163 3980 1292 4058 quihus

55 4064 253 4147 Xenophon
277 4066 417 4130 fabulae
434 4081 607 4145 personas
624 4084 688 4148 pro
706 4067 759 4131 dis
774 4067 1047 4175 111111ε11111ς11
1063 4083 1161 4142 φας,
1163 4062 1261 4129 ‘aaa
1264 4058 1321 4110 us

55 4169 225 4244 προσεῖχον
258 4154 343 4225 111
321 4185 364 4237 ας
388 4160 463 4246 θεῷ
496 4161 545 4246 τῷ
575 4163 740 4251 μειρακίῳ
773 4164 836 4228 καὶ
870 4165 954 4225 uem
988 4150 1064 4235 ’11811
1091 4149 1193 4211 usse,
1218 4140 1257 4196 m
1289 4150 1357 4189 W*

45 4253 350 4334 aposellam-m
