2784 4456
651 58 690 131 17

211 260 348 328 Etenim
361 260 565 325 Theocritus
582 260 640 342 (id.
657 261 684 342 1,
698 256 845 337 39-45)
860 256 960 323 testis
977 260 1039 342 est,
1057 256 1273 341 piscatorum

50 356 148 419 vitae
172 352 320 435 simplici
344 356 379 416 et
402 351 470 414 arti
494 367 665 431 operosae
697 348 949 413 describendae
977 352 1101 430 poetas
1125 347 1276 412 Alexan-

50 446 170 509 drinos
192 443 341 506 libenter
365 458 510 522 operam
534 439 682 520 dedisse,
708 456 753 501 ex
777 437 900 520 quihus
924 442 1034 501 totum
1058 438 1125 500 hoe
1143 436 1275 501 fabula·

48 538 166 597 torum
183 530 393 595 ereticorum
408 546 519 610 genus
535 528 675 610 pendet.
706 528 782 591 Iam
798 544 884 591 vero
901 526 1022 590 Dionis
1037 525 1278 608 Chrysostomi

51 621 265 702 exemplum,
291 619 387 682 cuius
403 617 617 681 Venatorem
640 617 707 680 iliis
727 616 942 698 temporibus
960 613 1277 680 celebratissimum

51 712 158 775 fuisse
184 711 331 787 constat,
356 706 411 786 (ci.
434 705 615 787 Rohdium,
639 723 719 786 pag.
734 704 811 782 509)
842 706 953 786 potuit
976 705 1143 769 inducere
1165 702 1277 785 Ephe-

52 801 151 879 sium,
176 801 214 861 ut
237 795 395 879 Aegialei
418 795 603 876 piscatoris
627 794 775 874 simplici
792 798 827 857 et
844 794 949 857 beata
964 794 1039 857 vita
1056 791 1278 875 depingenda

52 890 131 953 illas
155 886 278 951 laudes
301 903 365 966 pro
390 902 454 947 sua
470 887 570 965 parte
592 883 837 947 aemularetur.
870 882 991 964 Neque
1014 882 1099 947 illud
1122 884 1278 964 praeter-

52 977 260 1042 mittendum
285 991 363 1038 esse
386 980 480 1054 puto,
505 971 695 1054 Hippothoi
723 977 758 1035 et
781 970 1020 1053 Hyperanthis
1055 989 1212 1035 amorem
1244 974 1279 1035 et

54 1064 341 1131 consuetudinem
374 1062 446 1141 (lib.
468 1061 519 1124 ΙΙΙ
542 1079 621 1142 pag.
644 1059 724 1135 360)
756 1060 888 1142 pariter
919 1064 1024 1144 atque
1053 1060 1211 1141 Aegialei
1244 1063 1279 1123 et

53 1154 266 1219 Thelxinoes
290 1149 410 1234 (lib.V
433 1168 513 1232 pag.
527 1149 607 1224 380)
632 1150 676 1213 ab
702 1150 758 1213 dei
781 1149 964 1231 pervigilio
988 1150 1121 1214 initium
1139 1166 1277 1231 capere,

56 1262 127 1325 qua
160 1242 196 1304 in
222 1259 261 1304 re
292 1240 352 1303 vel
381 1238 585 1303 recentioris
619 1239 823 1303 comoediae
853 1241 992 1321 poetas,
1028 1240 1086 1304 vel
1117 1238 1153 1302 id
1188 1237 1280 1320 quod

57 1330 202 1394 credere
225 1328 359 1409 malim,
392 1346 477 1391 suae
501 1327 627 1392 aetatis
659 1345 775 1391 mores
800 1327 998 1409 Xenophon
1025 1334 1165 1394 secutus
1200 1344 1278 1390 esse

56 1422 182 1502 potest.
208 1419 263 1499 (of.
281 1417 453 1482 Rohdium
476 1416 498 1481 1.
516 1417 536 1481 l.
554 1435 634 1498 pag.
652 1415 717 1480 385
742 1417 858 1480 adnot.
877 1417 920 1496 2.)

217 1595 325 1659 Μ11118
350 1596 455 1660 etiam
479 1595 591 1658 minus
616 1614 672 1675 ea,
703 1612 793 1675 quae
818 1595 861 1658 de
886 1594 1097 1659 Thelxinoes
1121 1598 1281 1659 mortuae

59 1703 207 1767 corpore
232 1685 277 1747 ab
301 1683 467 1765 Aegialeo
491 1703 589 1748 more
612 1684 787 1766 Aegyptio
817 1684 955 1747 condito
986 1689 1020 1748 et
1051 1683 1144 1748 domi
1168 1701 1280 1749 asser-

59 1779 144 1840 vato
169 1773 297 1855 scribit,
322 1774 417 1856 (pag.
433 1773 514 1849 381)
538 1774 654 1837 aliena
677 1776 756 1836 sunt
780 1772 824 1836 ab
856 1773 963 1854 ipsius
996 1772 1144 1855 ingenie.
1191 1772 1282 1837 Nam

58 1865 87 1928 si
112 1864 193 1945 quid
217 1863 356 1926 omnino
380 1867 434 1927 est
456 1863 666 1926 inventionis
689 1863 725 1925 in
749 1880 805 1944 ec,
835 1862 1005 1943 sepulcris
1037 1868 1072 1927 et
1104 1863 1282 1933 funeribus

58 1952 301 2034 excogitandis
326 1970 405 2016 eum
429 1951 598 2016 delectari
619 1955 777 2033 apparet.
813 1950 992 2014 Eiusmodi
1008 1955 1071 2032 est,
1096 1951 1189 2034 quod
1204 1969 1282 2015 nar-

57 2046 113 2106 rat
130 2041 295 2106 Authiam
312 2041 463 2123 sopitam
479 2059 542 2123 pro
559 2046 698 2104 mortua
714 2039 886 2121 sepultam
908 2045 943 2103 ot
959 2041 1103 2104 effracto
1121 2040 1282 2122 sepulcro

60 2133 104 2195 ab
128 2129 322 2195 latronibus
347 2130 504 2193 ablatam
528 2147 606 2194 esse
631 2129 700 2210 (lib.
723 2128 773 2192 ΙΙΙ
797 2147 876 2210 pag.
894 2128 984 2208 368).
1031 2128 1108 2193 Η118
1131 2129 1283 2211 pertinet

60 2221 179 2302 etiam,
206 2219 298 2300 quod
321 2218 464 2301 Anthia,
495 2222 531 2281 ut
555 2237 601 2282 ex
624 2219 758 2283 lenonis
779 2218 892 2299 plagis
914 2237 953 2283 sc
973 2218 1135 2300 extricet,
1160 2218 1282 2283 morbo

58 2309 223 2372 comitiali
246 2326 285 2371 se
310 2308 439 2389 corripi
462 2308 576 2371 solere
600 2308 754 2389 simulat,
788 2324 936 2388 eumque
960 2309 1120 2371 morbum
1145 2308 1211 2371 sibi
1234 2307 1282 2371 in-

59 2412 197 2459 cussum
222 2415 300 2460 esse
324 2400 446 2460 narrat
470 2397 515 2459 ab
539 2396 679 2460 homine
703 2413 826 2460 recens
846 2397 992 2478 sepulto,
1019 2415 1098 2461 eum
1122 2397 1199 2477 ipsa
1223 2396 1281 2460 ad-

58 2488 189 2547 motum
213 2485 364 2567 parvula
389 2485 435 2549 ad
459 2485 532 2550 cius
557 2486 757 2568 sepulerum
787 2489 893 2549 noctu
922 2486 1131 2549 accessisset
1159 2486 1228 2563 (lib.
1254 2484 1285 2549 V

58 2590 138 2653 pag.
162 2571 251 2649 388).
294 2574 372 2638 Hoc
394 2575 479 2638 item
502 2575 635 2638 factum
659 2593 738 2639 esse
759 2575 867 2655 fingit,
894 2592 971 2639 eum
989 2575 1045 2639 dei
1061 2574 1284 2657 pervigilium

60 2664 233 2740 ageretur.
279 2662 334 2726 De
359 2663 539 2745 diligentia
563 2663 636 2728 eius
661 2666 779 2727 autern
806 2663 842 2727 iu
869 2664 1048 2728 funeribus
1078 2664 1284 2728 enarrandis

59 2750 129 2812 iarn
155 2751 414 2829 supradictum
439 2758 501 2816 est.
550 2753 662 2834 Atque
692 2771 748 2834 ea,
781 2771 871 2834 quae
900 2753 982 2816 dicit
1006 2754 1049 2817 de
1074 2752 1285 2817 Thelxinoes

61 2854 208 2919 corpore
233 2839 385 2920 condito,
411 2842 604 2905 narrationi
633 2860 674 2906 eo
699 2842 811 2922 magis
837 2843 1063 2922 conveniunt,
1093 2841 1184 2923 quod
1210 2842 1285 2923 ipse

60 2925 301 2990 Habrocomes
326 2945 452 3010 corpus
469 2929 620 2994 Anthiae
642 2932 788 3012 quaerit,
813 2949 919 3012 quarn
942 2936 1116 2995 mortuam
1141 2950 1162 2993 a
1181 2930 1284 2994 latro-

59 3015 161 3079 nibus
186 3014 342 3079 ablatam
365 3036 444 3082 esse
461 3018 548 3082 falso
566 3019 764 3100 arbitratur,
786 3023 820 3083 et
838 3020 1041 3101 Aegialeum
1059 3021 1103 3084 ob
1120 3020 1156 3083 id
1171 3019 1285 3101 ipsum

60 3106 203 3169 beatum
226 3104 366 3188 iudicat,
397 3106 489 3188 quod
514 3123 640 3188 corpus
664 3108 789 3172 saltem
821 3110 974 3174 mulieris
1004 3113 1145 3173 amatae
1178 3108 1286 3190 possi-

61 3195 152 3276 deat,
179 3194 322 3274 eiusque
346 3199 493 3277 aspectu
526 3213 564 3258 se
598 3197 772 3259 consolari
804 3198 913 3278 possit
947 3201 1038 3281 (pag.
1053 3197 1127 3278 381,
1142 3198 1183 3261 al
1209 3199 1283 3280 sq).

60 3284 194 3365 Raptus
218 3300 305 3347 vcro
330 3283 541 3348 Thelxinoes
565 3282 658 3369 (pag.
683 3283 760 3362 381)
786 3304 807 3349 8
830 3291 933 3369 raptu
953 3286 1192 3370 Hyperanthis
1216 3306 1286 3352 non

63 3372 208 3437 multum
234 3372 349 3437 differt
373 3376 465 3455 (pag.
483 3371 571 3453 361).

221 3550 313 3615 Nihil
336 3552 440 3634 igitur
465 3569 594 3617 causae
618 3556 685 3633 est,
718 3572 779 3617 cur
807 3554 951 3618 credere
981 3573 1163 3638 cogamur,
1195 3555 1289 3620 hanc

63 3637 272 3702 narrationis
295 3647 434 3722 partem
458 3660 479 3705 a
503 3642 737 3724 Xenophonte
762 3643 901 3707 aliunde
925 3644 1072 3725 petitam
1096 3664 1184 3710 esse.
1219 3644 1288 3710 Sed

67 3741 205 3805 quoquo
230 3730 405 3795 modores
422 3731 597 3815 sehabet,
627 3751 671 3796 ex
695 3732 883 3796 Heliodoro
908 3733 1048 3813 quidem
1076 3736 1187 3816 petita
1210 3752 1288 3798 esse

63 3831 135 3877 non
158 3817 283 3894 potest.
328 3818 439 3884 Immo
465 3840 550 3887 vero
576 3822 808 3886 certissimum
832 3821 889 3885 hie
912 3821 1016 3886 video
1043 3829 1288 3904 argumentum

65 3902 112 3967 ad
136 3903 346 3967 sententiam
369 3913 526 3975 nostram
551 3911 862 3993 comprobandam.

225 4081 384 4165 Namque
415 4086 508 4167 apud
538 4086 766 4153 Heliodorum
796 4088 872 4167 (lib.
897 4087 927 4151 q
960 4104 1057 4166 pag.
1075 4085 1169 4152 QX
1188 4081 1340 4157 &ml

65 4188 175 4252 genes
200 4175 235 4236 et
259 4170 444 4239 Charicles
468 4174 558 4244 duee
583 4174 743 4245 (ialasiri
761 4182 833 4243 iter
864 4177 913 4239 ’111
936 4174 1160 4270 bessem
1181 4159 1366 4274 ’1Ψῇ

62 4258 274 4339 aliquamdiu
305 4263 485 4349 Zacynthi
518 4274 714 4337 morantur
758 4268 894 4348 inique
929 4264 972 4324 bl
1000 4267 1086 4333 1Ψῦ
1115 4261 1146 4302 Q
1170 4242 1294 4363 W?
