2784 4456
593 58 752 164 *aa*

50 260 185 327 θέλων·
209 261 235 322 εί
256 257 290 322 dt
313 280 376 321 που
399 246 482 342 ἱερὸν
509 243 530 333 ἢ
553 245 692 337 ίίγαλμα
716 244 858 337 ’Ἔρωτος
880 245 939 315 εἶδε
960 251 1118 333 κατεγέλα
1141 271 1170 316 e.
1196 270 1227 334 q.
1253 269 1280 316 S.

50 351 203 430 Propter
219 350 355 411 tantam
380 346 433 410 sui
459 344 754 425 contemptionem
779 343 864 405 deus
889 340 922 404 ei
944 339 1174 405 vehementer
1197 341 1283 404 iras-

51 440 143 504 citur
168 441 260 519 (pag.
285 436 361 516 330,
387 436 404 500 7
436 436 543 518 μηνίει
569 425 649 518 πρὸς
671 434 780 498 ταῖτα
811 426 829 496 ὁ
853 424 972 515 Ἔρως·
1006 422 1189 518 φιλόνεικος
1217 422 1281 515 μείρ

50 528 70 598 ὁ
107 521 189 607 θεὸς
221 531 275 594 καὶ
304 523 530 620 ὑπερηφάνοις
560 523 801 614 ἀπαραίτητος)
824 548 938 612 neque
962 531 1047 592 satis
1070 530 1178 593 habet
1203 548 1283 594 eum

50 626 117 689 sub
141 624 326 706 imperium
350 642 449 687 suum
473 625 696 703 subiungere,
730 621 792 684 sed
824 619 927 701 gravi
958 636 1074 699 poena
1107 637 1186 682 eum
1210 620 1282 682 atfi-

54 714 256 795 cere⁸parat
280 712 467 795 (pag.333,
489 711 527 775 18
552 707 569 776 ό
603 712 636 774 δὲ
661 703 763 792 Ἔρως
793 712 841 774 ἔτι
868 702 1021 793 ὠργίζετο
1053 708 1108 772 καὶ
1137 703 1282 792 μεγάλην

53 809 114 888 τῆς
133 802 320 894 ὑπεροψίας
357 798 472 871 ἐνενόει
504 809 661 892 τιμωρίαν
694 797 936 890 είςαροίξαοθαι
974 795 1032 867 τὸν
1053 797 1281 888 Ἁβροκόμην).

51 899 133 980 Ipse
156 897 397 961 Habrocomes
433 897 558 978 culpae
594 896 770 959 admissae
803 894 868 958 sibi
892 896 1061 974 conscius
1096 902 1282 974 postquam

52 988 208 1057 adversa
231 987 371 1049 fortuna
393 986 428 1048 in
452 1004 532 1049 eum
564 985 704 1048 saevire
738 983 862 1065 coepit,
895 982 1053 1064 agnoscit
1077 979 1282 1063 Cupidinem

50 1094 183 1140 numen
205 1075 342 1139 laesum
367 1078 618 1155 exsequentem
641 1080 735 1154 (pag.
753 1072 828 1152 346,
852 1072 894 1135 23
928 1062 1063 1157 ίίρχεται
1094 1071 1136 1136 τοί
1165 1094 1282 1156 μεμαν-

49 1173 208 1255 τευμένα·
231 1171 390 1252 τιμωρίαν
415 1160 475 1247 ἤδη
496 1192 535 1248 με
567 1157 690 1241 iusta
722 1168 780 1246 τῆς
811 1160 1038 1253 ὑπερηφανίας
1076 1161 1282 1254 εἰσπράττει),

52 1258 185 1324 Omnes
207 1259 474 1339 igiturlabores
499 1258 542 1321 ab
568 1257 789 1320 Habrocome
806 1258 1012 1320 exanclatos
1033 1257 1183 1338 scriptor
1198 1257 1282 1320 nihil

54 1346 150 1411 aliud
173 1365 249 1411 esse
273 1349 349 1411 vult
371 1347 438 1410 nisi
461 1364 593 1428 poenas
618 1344 777 1427 Cupidini
800 1346 888 1409 irato
914 1345 1025 1410 datas,

215 1532 292 1598 Hoc
315 1537 427 1597 totum
451 1552 496 1597 ex
520 1533 633 1614 poetis
657 1533 797 1595 croticis
821 1532 1030 1596 translatum
1054 1551 1167 1614 neque
1187 1533 1281 1615 quid-

54 1640 161 1704 quam
182 1623 266 1686 novi
289 1624 333 1686 ab
357 1622 483 1686 Nostro
509 1621 710 1686 adiunctum
738 1639 815 1685 esse
844 1622 1066 1703 perspicuum
1095 1624 1157 1685 esi.
1205 1621 1281 1686 Non

54 1711 168 1775 solum
192 1712 294 1775 utitur
309 1713 452 1775 invento
470 1715 663 1794 poetarum,
688 1710 751 1774 sed
775 1711 881 1774 etiam
904 1712 1009 1792 plane
1034 1711 1158 1774 eodem
1175 1712 1281 1775 utitur

53 1800 169 1882 modo,
194 1800 259 1864 etsi
280 1801 315 1864 in
340 1820 383 1864 ea
406 1819 444 1864 re
469 1819 548 1863 cum
571 1801 705 1881 reliqua
721 1800 922 1863 narratione
940 1804 1022 1882 apte
1039 1800 1281 1880 comungenda

53 1889 186 1952 frustra
209 1890 377 1953 elaborat.
387 1887 409 1968 ¹)

216 2075 320 2156 Quod
335 2077 439 2157 igitur
454 2075 599 2156 Dilthey
622 2076 643 2139 l.
661 2076 682 2138 l.
701 2093 779 2156 pag.
796 2075 839 2138 43
865 2081 971 2156 negat
993 2076 1127 2140 habere
1150 2094 1198 2157 se,
1224 2077 1281 2159 qui

52 2166 130 2246 plus
163 2165 286 2230 valeat
317 2167 363 2228 ad
396 2184 489 2245 eam,
524 2166 567 2229 de
598 2183 667 2246 qua
697 2165 800 2228 modo
833 2165 1065 2247 dictumest,
1096 2170 1280 2247 po‘e’tarum

55 2255 265 2318 eroticorum
282 2255 567 2318 consuetudinem
584 2255 746 2335 exemplo
764 2272 825 2317 suo
849 2247 1157 2335 comprobandam,
1175 2273 1280 2336 quam

56 2339 253 2424 Xenophon
277 2342 458 2424 Ephesius,
484 2344 608 2406 eodem
624 2343 785 2424 pertinet,
811 2348 847 2406 ut
863 2343 892 2406 is
909 2361 955 2406 ex
970 2344 1054 2425 ipsis
1071 2343 1183 2424 poetis
1201 2362 1280 2407 earn

55 2447 132 2493 rem
154 2432 293 2512 petierit
321 2450 434 2513 neque
464 2450 674 2513 quemquam
698 2432 833 2495 solutae
858 2432 1023 2495 orationis
1047 2432 1278 2496 fabulatorem

58 2518 183 2582 ducem
205 2520 376 2585 habuerit.

217 2696 261 2760 At
282 2698 491 2763 Heliodorus
516 2701 640 2764 eadem
663 2699 767 2780 longe
792 2697 893 2761 aliter
916 2701 1054 2760 tractat.
1087 2696 1176 2760 Nam
1194 2698 1280 2763 The-

57 2802 191 2866 agenes
215 2789 250 2849 et
274 2785 457 2852 Chariclea
484 2789 596 2852 simile
625 2787 765 2871 quidem
795 2805 881 2868 prae
905 2804 943 2849 se
966 2787 1081 2850 ferunt
1105 2787 1281 2852 fastidium

58 2874 199 2956 amoris
224 2877 259 2938 et
282 2877 430 2959 scriptor
453 2878 581 2941 multus
603 2881 656 2940 est
679 2878 714 2940 in
737 2895 781 2940 ea
796 2876 1030 2957 repugnantia
1049 2875 1279 2960 depingenda,

58 2981 126 3045 quo
152 2963 279 3027 clarius
303 2966 484 3048 virginalis
510 2967 684 3049 quaedam
708 2966 858 3047 dignitas
893 2970 927 3028 et
952 2965 1138 3028 austeritas
1163 2984 1280 3029 aman-

56 3053 143 3116 tium
168 3053 314 3118 eluceat.

215 3231 351 3296 Heliod.
370 3252 449 3315 pag.
464 3234 517 3316 94,
531 3235 573 3298 25
591 3238 660 3298 ἔστι
681 3235 740 3316 μὲν
764 3227 989 3319 αὐστηροτὲρα
1011 3234 1071 3309 (sc.
1085 3231 1281 3310 Chariclea)

56 3327 110 3389 καὶ
131 3326 378 3411 κατενεχθῆναι
408 3319 489 3411 πρὸς
518 3331 623 3409 ἔρωτα
655 3322 827 3412 δύσμαχος.
856 3322 1057 3415 Ἀφροδίτην
1091 3329 1145 3390 καὶ
1175 3319 1282 3410 γοίμον

57 3412 261 3503 ἀτιμόζοοοα
283 3423 338 3484 καὶ
359 3426 469 3507 μέχρις
492 3416 661 3508 ὀνόματος.
687 3463 726 3471 -
750 3445 828 3507 pag.
847 3427 899 3507 94,
925 3426 961 3488 ll
987 3416 1037 3488 ἀεὶ
1059 3414 1122 3506 γοίρ
1145 3416 1282 3486 διαπτό-

57 3531 114 3576 σαι
134 3509 244 3590 πείσας
266 3519 450 3598 (γυναῖκας)
474 3519 529 3580 καὶ
551 3512 657 3602 μα’μον
681 3509 784 3589 αὐτόν
808 3521 861 3583 καὶ
884 3523 1008 3603 ἔρωτας
1030 3514 1057 3581 εί
1079 3540 1167 3591 τινος
1188 3510 1281 3581 ιἰκοό·

55 3633 140 3678 οειεν
163 3666 170 3679 .
194 3667 201 3680 .
224 3667 230 3680 .
254 3667 260 3678 .
285 3617 340 3680 καὶ
371 3619 479 3681 ταῦτα
505 3620 607 3701 λέγων
630 3627 691 3689 (se.
707 3619 925 3700 'sheag'enesl
951 3611 1151 3704 ἐπεδάκρυεν,
1176 3612 1282 3701 ὥσπερ

55 3702 107 3772 ὅτι
130 3702 209 3797 πρὸς
229 3713 308 3794 βίον
334 3706 475 3792 ἥττηται
497 3707 595 3799 κόρης
617 3704 863 3796 ἐνδεικνύμενος.

95 4040 102 4049 .
213 3998 232 4060 ¹)
246 3993 350 4051 Rohde
363 3995 409 4051 l.l.
444 3997 551 4067 ag.398
570 3996 635 4054 eine
645 3997 767 4055 weitere
779 3995 879 4053 Strafe
891 3997 943 4054 des
955 3996 1064 4054 Gottes
1075 3995 1140 4062 sind
1151 3994 1209 4051 alle
1224 3993 1282 4052 [rr-

50 4064 180 4136 t'ahrteu‚
198 4064 312 4123 Leideu
331 4066 389 4123 und
436 4066 641 4138 ersuchungen
661 4069 713 4126 des
732 4082 848 4140 genuen
867 4068 1008 4138 Romanu
1040 4068 1093 4125 das
1113 4067 1185 4124 wird
1205 4066 1281 4124 auch

50 4153 120 4264 geg.
138 4138 200 4206 346,
221 4138 256 4191 24
275 4145 397 4208 gesagt,
423 4139 494 4196 aber
512 4138 550 4195 im
568 4140 693 4199 weitern
712 4139 838 4196 Verlauf
863 4141 916 4197 der
933 4138 1245 4213 hiensium—usses„
1258 4147 1308 4180 m

48 4207 261 4335 Eumoernrder}
278 4207 513 4338 quelmotivs,
534 4209 588 4270 der
604 4210 736 4271 Dichter
758 4211 846 4270 diese
857 4210 1007 4277 hornung
1021 4207 1080 4260 heu
1093 4203 1210 4262 §mee
1223 4191 1335 4243 mm

75 4292 241 4335 rosanae
292 4297 310 4338 a
336 4297 381 4339 en.

1194 4324 1229 4380 ‘b
