2784 4456
699 52 740 122 14

263 267 343 334 pag.
365 248 516 332 341,1.15
563 242 787 340 συνήεσαν..
813 252 874 313 ,οἱ
894 241 1013 313 Ρόὸιοι
1043 239 1082 312 τὸ
1111 240 1230 323 κοίλλος
1265 247 1338 311 τῶν
1385 282 1388 291 ‹

105 345 231 412 notitior
253 335 568 426 καταπεπληγότες
592 348 684 408 ..οἱ
705 347 765 427 μὲν
788 346 856 426 aa
849 367 896 408 ον
923 343 1096 426 ἐπιδημίαν
1121 345 1221 418 8εῶν,
1245 345 1276 405 οἱ
1301 342 1339 406 δὲ

104 434 324 526 προσεκύνουν
347 441 402 504 καὶ
425 441 816 524 προσεποιοῦντο
806 444 922 508 (lectio
948 443 1135 524 corrupta).

263 636 375 699 pag
368 614 498 698 alar.
531 606 715 725 ἅνθρωποι
730 607 897 732 βάρβαροι
917 605 1016 697 μήπω
1038 606 1196 697 πρότερον
1213 605 1339 676 τοσαύ-
1386 632 1388 641 ¹

104 732 165 792 την
187 703 310 786 1ὂόντες
332 665 513 798 εὐμορίρίαν
538 702 640 784 orote
662 702 860 793 ἐνόμιζον
831 731 913 773 ειναι
934 698 1010 784 τούς
1030 707 1171 791 βλεπομέ
1174 729 1259 781 νους
1299 745 1340 754 -

266 878 365 960 Qui
355 879 418 962 1git
420 882 521 944 urt
483 880 587 943 litu
528 898 587 962 ,u
588 879 669 943 tin
698 877 878 943 Heliodori
901 896 1053 961 pompae
1084 876 1338 959 descriptione,

105 970 257 1052 alioquin
282 969 468 1051 simillima,
494 987 573 1033 cum
585 968 644 1033 ille
660 986 882 1050 nequaquam
899 967 1092 1050 malignum
1109 965 1340 1030 laudatorem

106 1059 312 1124 Charicleae
335 1059 600 1141 pulchritudinis
624 1076 663 1123 se
686 1058 871 1140 praebeat,
902 1057 976 1121 eius
1005 1057 1058 1120 rei
1080 1055 1177 1120 nulla
1199 1056 1341 1120 mentio

105 1149 191 1213 fiat?
238 1148 357 1212 Facile
386 1148 451 1211 erit
483 1148 528 1211 ad
560 1147 628 1211 hoc
659 1147 874 1229 respondere
907 1145 1116 1210 examinatis
1150 1144 1200 1209 eis
1232 1145 1340 1228 locis,

106 1239 229 1320 quibus
243 1236 464 1302 Charicleam
478 1254 557 1300 cum
570 1237 638 1301 dea
656 1240 840 1318 comparat
856 1239 916 1299 aut
932 1253 996 1317 pro
1014 1235 1081 1298 dea
1096 1233 1220 1298 haberi
1235 1233 1341 1299 facit.

264 1414 398 1479 Heliod.
415 1433 495 1497 pag.
513 1413 544 1496 5,
561 1414 613 1478 21.
661 1414 771 1497 οἱμὲν
796 1413 879 1479 θεόν
903 1438 979 1478 τινα
1002 1414 1126 1496 ἔλεγον,
1160 1412 1215 1477 καὶ
1243 1405 1339 1478 θεόν

109 1502 261 1594 ’Ἄρτεμιν
283 1499 304 1588 ίῖ
328 1499 388 1589 τὴν
411 1506 564 1594 ἐγχώριον
594 1498 687 1579 'Iota
711 1515 740 1573 οὶ
769 1509 802 1574 δὲ
829 1512 945 1595 ἱέρειαν
967 1502 1032 1574 ὑπό
1058 1533 1116 1573 του
1129 1510 1219 1572 θεῶν
1248 1514 1341 1594 ἐκμε-

104 1625 247 1686 μηννιαν

263 1752 340 1816 Hoc
362 1756 535 1815 ¹narratur
575 1751 618 1816 de
656 1752 839 1835 Aegyptiis
879 1751 1072 1816 latronibus
1108 1749 1341 1818 Oharioleam

105 1841 284 1924 conspicat
271 1843 314 1905 tis
339 1842 464 1905 eodem
487 1844 579 1906 vesu
554 1841 593 1905 tit
580 1846 627 1923 111,
652 1860 720 1922 quo
743 1842 780 1905 in
803 1840 976 1924 Delphica
999 1859 1130 1944 pompa
1154 1845 1339 1908 ornatam.

104 1931 224 2013 quue
248 1931 360 2012 magis
384 1930 510 1993 mirum
534 1934 597 2012 est,
623 1931 651 1993 si
671 1931 756 1994 nihil
772 1931 884 1995 simile
901 1930 1072 2012 Delphis
1063 1930 1147 2012 ipsis
1165 1932 1340 1997 evenisse

103 2024 224 2125 narrat
226 2039 275 2084 ur.
300 2020 345 2083 At
333 2026 415 2125 tque
432 2019 581 2100 eodem
572 1981 608 2082 16
621 2024 764 2084 context
766 2039 788 2084 u
800 2020 905 2127 paulo
919 2038 1027 2101 supra
1040 2019 1122 2082 dicit
1109 2025 1219 2101 tpag
1233 2020 1266 2101 4,
1279 2021 1337 2084 21.

104 2103 274 2215 ἀμήχανόν
296 2133 330 2174 τι
351 2101 469 2184 κάλλος
491 2108 545 2171 καὶ
570 2102 650 2184 θεὸς
681 2101 760 2174 εἶναι
789 2103 1025 2175 ἀναπείθουσα
1052 2114 1092 2192 et
1079 2109 1214 2172 tinfra
1243 2127 1332 2191 pag.

104 2207 134 2288 9,
148 2209 200 2271 )4.
227 2193 264 2268 τὸ
286 2194 404 2276 κάλλος
428 2203 485 2280 τῆς
507 2192 607 2308 κόρης
628 2195 806 2267 θεσπέσιόν
829 2227 861 2266 τι
880 2203 993 2309 χρῆμα
1007 2199 1339 2308 περισκοποῦντες...

104 2288 187 2362 αὐτὸ
210 2300 353 2380 ἔμπνουν
373 2295 544 2378 μετῆχθαι
573 2283 611 2357 τὸ
633 2285 766 2378 ἄγαλμα
794 2287 848 2358 ὸιοί
872 2297 930 2374 τῆς
955 2286 1053 2378 κόρης
1082 2286 1131 2356 ἐπ’
1159 2285 1341 2376 ἀγροικίας

104 2383 280 2485 εἴκαζον
264 2388 324 2457 (sc.
358 2384 513 2447 latrones
531 2384 727 2485 Aegyptii)
764 2385 806 2447 of.
841 2388 1027 2467 praeterea
1057 2400 1137 2463 pag.
1167 2383 1243 2462 163,
1279 2386 1340 2449 23.

105 2493 209 2550 αντην
244 2491 304 2548 την
330 2461 484 2553 ’Ἄρτεμιν
525 2463 603 2555 ὄψει
639 2472 839 2555 προκαθημέ
840 2492 914 2551 νην,
937 2471 995 2534 ubi
1020 2469 1185 2534 Calashis
1211 2468 1341 2538 Chari-

104 2560 202 2624 eleae
240 2559 390 2641 pulchrit
378 2559 496 2621 tudine
535 2558 713 2622 laudanda
752 2560 940 2641 praedonis
981 2559 1159 2623 cuiusdam
1198 2563 1338 2640 cupidi

105 2653 214 2713 tatem
238 2648 390 2712 lacessit.

262 2833 429 2898 Videmus
464 2832 706 2916 Xenophontis
744 2834 886 2899 fabulae
924 2853 1094 2917 personas
1129 2834 1340 2916 promiscue

102 2927 138 2988 et
161 2942 183 2987 a
206 2922 351 2988 Graecis
375 2925 411 2987 et
435 2941 457 2986 a
479 2923 639 2987 barbaris
670 2942 733 3005 pro
759 2923 811 2987 dis
834 2924 958 2987 haberi
991 2927 1025 2988 et
1057 2923 1212 3004 adorari,
1247 2931 1341 3008 quin

103 3014 210 3078 etiam
235 3032 256 3075 a
281 3012 416 3076 civibus
441 3011 521 3094 suis,
547 3013 604 3094 qui
628 3030 689 3076 eas
714 3013 843 3094 optime
867 3016 1020 3096 nossent,
1050 3013 1144 3095 apud
1166 3011 1340 3083 Heliodo-

101 3121 180 3167 rum
205 3106 322 3166 autem
346 3105 507 3165 amantes
532 3101 671 3165 omnino
687 3120 860 3184 nusquam
874 3103 1096 3167 adorariett
1053 3105 1335 3173 ttantummodo

103 3211 125 3256 a
148 3191 230 3256 seris
255 3193 290 3255 et
312 3191 474 3254 barbaris
497 3193 578 3273 past
564 3191 697 3255 toribus
720 3191 883 3274 Aegypt
864 3210 904 3256 us
926 3190 1067 3257 Ohariol
1055 3193 1148 3258 leam
1172 3208 1235 3272 pro
1262 3196 1340 3264 dea

101 3280 234 3347 haberi.
283 3277 382 3359 Quae
407 3298 485 3343 cum
518 3280 568 3344 ita
592 3279 673 3362 sint,
707 3286 805 3345 recte
769 3281 919 3345 tmihi
952 3282 1162 3346 concludere
1195 3280 1338 3372 videor,

103 3368 329 3441 Heliodorum
353 3387 410 3452 ea,
445 3387 535 3450 quae
567 3369 603 3433 in
631 3370 870 3521 descriptione
901 3389 1053 3453 pompae
1078 3368 1252 3472 Ephesiae
1290 3377 1339 3444 de

102 3458 172 3522 Ant
172 3458 232 3522 hia
253 3461 435 3539 tamquam
460 3461 668 3522 consecrata
690 3459 840 3542 legerat
813 3461 1014 3524 tconsilio
1048 3459 1221 3539 omisisse,
1252 3464 1338 3532 sive

103 3549 147 3612 ab
171 3546 367 3612 hominihus
392 3545 537 3613 Graecis
560 3547 652 3611 illius
677 3549 816 3629 quidem
840 3554 922 3613 aeta
923 3551 976 3631 tie,
1003 3567 1071 3629 qua
1089 3548 1337 3620 narrationem

102 3655 204 3701 suam
227 3641 344 3701 actam
368 3637 458 3719 vult,
493 3654 536 3700 ea
568 3636 759 3701 abhorrere
787 3637 1027 3718 existimabat,
1061 3637 1137 3700 sive
1168 3637 1337 3720 religioni

102 3725 258 3790 habebat
292 3725 443 3790 honores
475 3725 612 3790 divinos
643 3727 840 3808 profanare.
902 3727 991 3790 Item
1019 3744 1133 3807 neque
1156 3726 1336 3799 Achillem

102 3815 241 3880 Tatium
264 3833 378 3897 neque
394 3815 555 3896 Longum
579 3833 650 3897 ece,
675 3833 761 3896 quos
785 3816 961 3898 inducunt,
987 3820 1147 3880 amantes
1172 3835 1334 3898 unquam

102 3923 209 3987 supra
231 3906 422 3968 humanam
444 3907 609 3968 naturam
633 3904 757 3969 efferre
781 3905 896 3988 video,
922 3923 1001 3969 cum
1026 3903 1193 3969 Chariton
1210 3905 1332 3975 Xeno-

101 3994 210 4077 phont
213 4013 269 4058 ern
293 3996 391 4057 secut
393 4011 433 4057 us
378 3991 677 4058 thllirrhoe'n
700 3994 906 4077 saepissime
929 3994 1135 4060 adorarit
1100 3998 1135 4058 et
1165 4012 1229 4075 pro
1261 3999 1334 4065 dea

101 4082 225 4148 haberi
240 4083 358 4146 faciat.
335 4083 472 4186 tIpse
489 4085 548 4145 aut
550 4100 606 4146 ern
622 4082 820 4165 Xenophon
832 4085 982 4167 vestigia
997 4083 1125 4168 premit
1141 4085 1334 4165 poetarum

87 4172 318 4252 erotr'eornm,
352 4171 471 4253 quisi
501 4189 574 4236 non
607 4172 769 4238 dubitant
798 4192 971 4257 personas
996 4191 1081 4237 suas
1113 4172 1161 4236 ad
1190 4172 1333 4242 divinos

63 4250 230 4318 honores
246 4261 474 4348 provehere,
498 4280 575 4329 non
601 4268 657 4330 est
659 4264 795 4351 ,quod
814 4265 998 4329 miremur
