2784 4456
643 69 681 132 11

212 263 434 345 Quamquam
458 262 562 342 igitur
578 260 787 325 Heliodorus
812 260 943 343 pariter
960 263 1066 340 atque
1082 257 1279 340 Xenophon

51 355 223 437 Ephesius
248 371 289 417 eo
315 352 462 415 artificio
488 368 569 414 usus
606 358 766 413 amantes
799 351 834 413 in
866 367 997 431 pompa
1028 347 1180 429 quadam
1213 347 1278 410 sol-

52 444 159 510 lemni
181 442 272 506 inter
296 459 375 505 sese
401 439 629 520 conspexisse
661 442 695 502 et
720 439 907 502 adamasse
931 441 1066 517 narrat,
1101 436 1197 500 credi
1219 454 1278 517 pof

51 537 152 613 terat,
170 535 354 612 utrumque
376 529 473 592 nulla
490 528 632 591 alterius
649 520 785 591 ratione
801 527 922 590 habita
939 545 984 590 ox
1000 529 1107 608 poeta
1124 525 1277 606 quolibet

51 620 300 700 Alexandrina
326 618 423 682 velut
445 636 490 680 ox
508 614 714 681 Callimachi
731 615 893 698 Cydippe
915 615 950 679 id
975 615 1175 695 sumpsisse.
1209 612 1279 678 Sed

52 715 87 774 et
102 709 382 789 Peerlc-ampium
407 706 521 788 (Speo.
541 707 680 769 observ.
698 705 734 768 in
749 704 837 770 Xen.
856 705 943 786 Eph.
960 723 1040 786 pag.
1058 703 1113 781 27)
1139 705 1173 766 et
1190 702 1278 764 Roh-
1346 726 1352 749 -·

52 801 146 863 dium
171 790 206 878 (l.=
228 798 249 860 l.
272 815 351 879 pag.
369 796 447 873 393)
481 795 611 876 optimo
644 794 719 858 iure
750 813 883 876 negare
913 793 1092 872 existim0,
1127 792 1278 872 descrip-

50 889 153 953 tionis
177 888 267 951 illius
291 904 443 967 pompae
467 883 561 965 apud
584 883 647 947 hos
661 883 850 964 scriptores
866 886 1002 946 tantam
1019 881 1277 944 similitudinem

50 982 205 1041 tuturam
228 976 344 1056 tuisse,
369 975 435 1037 nisi
460 975 628 1037 alteruter
649 973 792 1036 alterius
812 972 1052 1036 narrationem
1072 970 1276 1033 imitandam

51 1068 117 1130 sibi
141 1064 390 1147 proposuisset.
468 1086 472 1088 ·

213 1197 311 1262 Mitto
336 1199 438 1278 enim,
463 1196 556 1278 quod
580 1195 675 1276 apud
700 1199 885 1277 utrumque
910 1198 1070 1259 amantes
1093 1195 1183 1257 nrira
1207 1195 1279 1275 pul-

52 1287 247 1351 chritudine
272 1287 450 1368 conspicui
474 1286 546 1348 eius
572 1303 725 1366 pompae
750 1285 849 1366 quasi
873 1284 1004 1365 primas
1017 1288 1137 1366 partes
1162 1286 1279 1364 agunt,

53 1381 88 1439 et
113 1377 205 1457 quod
226 1377 350 1458 ingens
374 1374 552 1439 hominum
576 1374 759 1437 multitudo
785 1393 923 1437 summa
943 1373 1047 1436 laudo
1072 1376 1107 1436 et
1131 1372 1280 1436 admira-

52 1465 146 1528 tione
171 1484 230 1529 eos
255 1465 494 1547 prosequitur3
518 1481 601 1525 nam
626 1463 752 1526 similia
774 1463 880 1526 etiam
897 1464 984 1526 alios
1001 1462 1184 1543 scripsisse
1202 1480 1292 1524 oon-2

52 1558 259 1617 sentaneum
284 1557 345 1617 est.
377 1553 508 1616 Verum
531 1551 566 1614 in
589 1551 710 1615 habitu
734 1556 768 1616 et
792 1553 921 1616 vestitu
937 1551 1087 1615 Anthiac
1112 1560 1146 1614 et
1164 1550 1281 1615 Obari-

53 1644 152 1706 cleae
182 1642 402 1724 depingendo
431 1660 498 1704 non
531 1641 686 1722 potuisse
717 1660 777 1704 eos
808 1642 949 1705 fortuito
982 1642 1017 1704 in
1050 1644 1123 1704 tam
1156 1640 1283 1703 similia

52 1732 206 1796 incidere
229 1751 332 1796 nemo
356 1731 408 1795 his
432 1731 518 1795 locis
542 1731 707 1812 perlectis
731 1730 949 1794 infitiabitur:

264 1866 352 1931 Xen.
377 1866 464 1947 Eph.
488 1885 568 1949 pag.
587 1863 662 1946 331,
687 1865 707 1928 2
733 1884 804 1974 sq(
821 1914 848 1927 ..
875 1856 959 1948 κόμη
983 1857 1107 1944 ξαυέλή,
1132 1858 1151 1942 ἡ
1175 1847 1281 1974 rroiipp⁸

863 1949 869 1973 l

137 1959 333 2045 καθειμένη,
365 1962 457 2043 ὀλίγη
479 1963 697 2047 πεπλεγμένη,
729 1983 810 2038 προς
833 1982 892 2039 την
924 1961 990 2023 τῶν
1018 1951 1146 2042 ἀνέμων
1173 1979 1283 2042 ηοραν

137 2050 311 2139 κινουμένη
336 2106 468 2120 .....
492 2050 591 2133 γιτιόν
610 2047 802 2136 Ιόιλουργής,
839 2052 960 2132 ζωστὸς
997 2059 1039 2127 εἷς
1075 2047 1155 2133 γόνυ
1191 2056 1282 2136 μέχρι

135 2144 322 2236 βραχιόνων
344 2155 549 2235 καθειμένος,
571 2152 678 2233 νεβρὶς
702 2153 911 2232 περικειμένη,
927 2141 1071 2235 γωρυτὸς
1087 2143 1281 2231 ἀνημμένος,

139 2240 227 2325 τόξα,
250 2239 385 2322 ἄκοντες
408 2239 581 2334 φερόμενοι
604 2296 610 2310 .
635 2296 641 2310 .
666 2297 672 2312 .

265 2390 399 2455 Heliod.
424 2410 503 2474 pag.
522 2390 560 2454 81
581 2395 616 2455 et
633 2390 674 2454 82
690 2440 696 2451 .
712 2440 718 2452 .
735 2438 762 2452 ..
786 2390 911 2472 χιτῶνα
935 2390 968 2452 δὲ
991 2384 1137 2471 ἁλουργῆ
1153 2381 1280 2470 ποδήρη

135 2494 271 2566 χρυσαῖς
294 2478 402 2550 ἀκτῖσι
425 2479 642 2551 κατάπαστον
675 2479 850 2571 ι’γμιρίεστο,
880 2477 985 2563 ζώνην
1019 2486 1052 2548 δὲ
1088 2483 1282 2565 ἐπεβέβλητο

142 2589 208 2653 τοῖς
229 2584 375 2663 στέρνοις
398 2631 527 2648 .....
553 2573 691 2660 τοιαύτη
713 2581 772 2662 μὲν
794 2574 815 2658 ἡ
838 2572 922 2658 ζώνη
945 2581 1003 2658 τῆς
1025 2573 1131 2663 κόρης,
1156 2574 1175 2658 ἡ
1198 2583 1282 2662 κόμη

141 2671 174 2734 δὲ
197 2665 271 2738 οὕτε
294 2672 403 2756 πάντη
432 2671 607 2750 ὃτόπλοκος
637 2668 711 2739 οὔτε
743 2667 928 2748 εἰσόνὸετος,
959 2668 1025 2738 ἀλλ’
1055 2670 1073 2753 r}
1096 2677 1155 2756 μὲν
1178 2665 1282 2752 πολλή

76 2822 78 2825 ,
140 2767 194 2829 καὶ
217 2762 412 2852 ὑπαυχένιος
435 2765 533 2853 ὤμοις
557 2795 590 2835 τε
612 2774 667 2834 καὶ
691 2762 808 2842 νιότοις
835 2764 1027 2852 έπεκύμαινε
1067 2763 1128 2847 τὴν
1160 2768 1192 2831 di
1217 2759 1283 2831 ἀπὸ

140 2863 286 2946 κορυφῆς
319 2867 373 2928 καὶ
402 2856 469 2929 eiad
497 2859 648 2948 perarma
678 2858 807 2951 ὁοῖιμνης
839 2857 962 2928 ἁπαλοὶ
993 2864 1110 2938 κλῶνες
1132 2866 1280 2948 έστεηον.

139 2955 289 3038 dedocuit}
321 2962 430 3024 τεκαὶ
455 2955 599 3039 ἡλιῶσαν
633 2959 816 3033 διαδέοντες
844 2961 899 3021 καὶ
931 2958 1040 3039 σοβεῖν
1071 2969 1143 3033 ταῖς
1166 2950 1284 3043 αὔραις

141 3052 199 3129 ἔξω
223 3053 283 3115 τοῦ
305 3057 485 3136 πρέποντος
507 3051 567 3118 οόκ
588 3059 747 3141 ἐφιέντες·
772 3056 863 3139 ἔφερε
885 3054 918 3117 δὲ
943 3055 983 3132 τῆ
1005 3054 1085 3136 λαιᾷ
1105 3053 1165 3135 μέν
1188 3045 1284 3132 τόξον

141 3149 322 3232 ἐπίχρυσον,
348 3142 431 3232 όπὲρ
455 3137 544 3232 ὦμον
567 3140 625 3212 τόν
649 3148 754 3227 δεξιόν
780 3150 835 3229 τῆς
857 3153 1023 3236 ηαρέτρας
1046 3143 1283 3235 ἀπηρτημένης.

214 3299 314 3362 Haec
338 3299 525 3381 descriptio
550 3303 625 3364 tota
647 3300 783 3382 insigne
808 3302 1010 3383 exemplum
1033 3301 1172 3383 generis
1197 3300 1279 3363 scri-

54 3386 160 3451 bendi
182 3389 387 3453 Nostrorum
412 3394 479 3471 est,
514 3408 659 3471 quorum
694 3389 783 3454 alter
815 3394 888 3454 tam
919 3391 1122 3472 simpliciter
1153 3390 1282 3470 scribit,

55 3477 93 3536 ot
110 3478 275 3542 exilitatis
295 3478 416 3543 vitium
433 3479 659 3560 vix'usquam
677 3480 829 3561 effugiat,
848 3480 938 3543 alter
954 3485 1027 3543 tam
1045 3479 1281 3560 verbosusest‚

57 3565 94 3625 ut
117 3582 365 3649 nonnunquam
389 3569 544 3633 taedium
568 3568 691 3632 lectori
712 3569 845 3632 afferat.
878 3568 1140 3649 Peerlcampius
1165 3573 1281 3632 autem

58 3670 101 3715 ea
124 3651 201 3733 ipsa
226 3655 460 3739 descriptione
484 3677 525 3722 eo
551 3658 722 3722 adductus
752 3662 805 3722 est
829 3658 944 3742 (ὅμου.
971 3658 1110 3721 observ.
1135 3658 1169 3720 in
1192 3657 1281 3722 Xen.

55 3741 142 3822 Eph.
168 3759 247 3822 pag.
272 3745 338 3827 27),
368 3753 404 3810 ut
432 3748 659 3812 Heliodorum
683 3747 925 3829 Xenophontis
956 3747 1167 3811 imitatorem
1199 3747 1282 3810 iudi-

56 3834 168 3913 caret,
201 3832 267 3893 etsi
299 3840 423 3913 postea
447 3840 663 3900 commutata
686 3838 860 3900 sententia
885 3835 1015 3918 Oorayi
1038 3837 1282 3900 auctoritatem

55 3920 154 4002 sequi
178 3920 331 3984 animum
363 3923 507 3988 induxit.
554 3926 676 4007 Neque
708 3944 794 3989 vero
830 3944 1041 4007 quemquam
1074 3931 1282 4006 negaturum

55 4027 134 4074 esse
158 4016 241 4092 puto
267 4029 327 4074 eos
352 4010 448 4074 locos
482 4013 532 4077 ita
564 4015 654 4077 inter
687 4033 726 4078 se
757 4014 888 4077 similes
920 4033 1018 4094 esse„
1047 4019 1089 4075 ut
1118 4015 1214 4072 ames
1250 4028 1308 4065 es

55 4098 205 4180 simplici
233 4103 268 4163 et
293 4100 374 4164 exili
399 4099 643 4184 Xenophontis
678 4103 844 4166 oratione
873 4102 918 4163 in
947 4098 1246 4180 graodusqoom
1263 4082 1340 4138 W

52 4187 169 4268 potius
190 4189 348 4255 inflatum
372 4189 559 4259 Heliodori
583 4211 701 4278 genus
726 4181 1154 4275 seribendxtraosxaoos
1164 4161 1362 4282 Qffi‘bssg}

42 4275 99 4343 ΑΒ
124 4277 309 4368 qnisquam
334 4282 403 4354 Sibi
419 4285 684 4380 persuadebit,
708 4302 813 4377 eum,
839 4277 907 4373 qux
920 4274 1033 4340 baffi
1043 4271 1158 4352 iffi*
1173 4249 1311 4317 *zm*
