2784 4456
667 39 710 86 34

238 216 307 281 Sed
336 215 404 279 hoc
434 216 589 281 taedium
620 216 748 279 amoris
779 233 929 296 propere
960 212 1158 366 deponitur,
1190 230 1304 296 neque

78 305 131 368 ira
164 310 223 369 aut
256 325 371 387 poena
394 305 539 369 Veneris
570 304 629 369 vel
661 303 838 385 Cupidinis
873 304 1103 385 consequitur.
1157 301 1304 366 ulmum

78 393 319 458 Habrocomes
343 414 364 457 a
386 393 554 476 Cupidine
579 394 650 458 vict
653 411 691 456 us
716 394 789 456 eius
813 393 916 456 fidem
939 393 1102 472 imploret
1132 392 1166 454 in
1192 409 1304 499 eoque

78 501 177 564 spem
211 485 332 547 salutis
363 487 480 564 ponat,
514 483 617 564 (Xon.
642 500 721 563 pag.
747 482 822 561 333,
854 483 889 543 li)
925 473 1123 567 'Hastam'
1106 472 1161 551 ών
1193 473 1305 564 Ἔρως,

78 578 126 641 ἔτι
157 579 223 642 τῶν
254 578 320 643 σῶν
347 571 602 688 ὑπερηφάνουν
648 570 733 639 ἀλλὰ
767 577 827 640 νῦν
861 570 1072 640 Ἄνθειαν(
1055 586 1131 659 ημῖν
1162 569 1305 651 ἀπόδος·

76 675 173 756 γενοῦ
191 664 237 756 μὴ
260 663 375 755 πικρὸς
394 664 498 756 μόνον
515 665 625 735 ἀντνλέ
612 674 727 753 dyona.
752 663 818 734 ἀλλ’
838 664 1002 754 εὐεργέτης
1015 665 1192 754 ἡττωμένῳ
1207 664 1306 751 θεός)

78 769 238 826 amantes
255 762 455 826 Heliodorei
471 778 584 841 neque
601 761 746 822 Veneris
767 778 880 841 neque
897 760 1073 841 Cupidinis
1090 760 1306 823 montionem

77 853 219 928 iaciunt,
244 852 371 914 nedum
398 851 565 913 auxilium
590 851 634 912 ab
660 850 709 912 eis
734 852 950 930 exspectent.

236 1027 327 1180 Qutid
351 1028 479 1110 plura?
528 1027 615 1094 Cum
639 1027 867 1130 Xenophon
859 1046 894 1089 rn
918 1027 1086 1089 ordienda
1108 1025 1306 1091 fabulato-

75 1121 131 1182 tus
156 1119 332 1200 expetitis
357 1119 569 1199 pendeatet
556 1119 637 1182 tab
663 1117 712 1180 eis
736 1135 780 1179 ne
798 1116 941 1196 digitum
963 1116 1102 1197 quidem
1120 1115 1307 1181 discedere

76 1208 214 1286 audeat,
191 1207 517 1270 tHeliodorusau
483 1211 590 1271 tutem
614 1207 736 1288 opibus
760 1210 843 1356 pto'et
845 1222 945 1267 arum
968 1205 1013 1267 ad
1030 1204 1210 1268 hbrdmom
1229 1211 1304 1268 uta-

75 1299 140 1377 tur,
166 1296 222 1378 qui
247 1297 342 1359 credi
366 1300 426 1376 pot
428 1301 481 1358 est
467 1296 563 1359 tAet
551 1295 704 1376 thiopica
728 1298 788 1357 ant
790 1312 809 1356 e
826 1293 1033 1374 Ephesiaca
1048 1293 1156 1373 script
1159 1313 1180 1356 a
1143 1294 1304 1358 tasse?

75 1385 120 1447 Ut
151 1385 219 1447 hoc
251 1404 273 1448 a
299 1384 597 1449 verisimilitudine
634 1401 738 1464 quam
763 1383 916 1445 maxime
941 1382 1116 1462 abhorret,
1150 1382 1200 1444 ita
1223 1383 1303 1463 plus

76 1492 181 1554 quam
221 1473 403 1554 probabile
442 1474 479 1536 fit
515 1474 742 1538 Heliodorum
774 1472 881 1534 etiarn
914 1471 957 1534 de
987 1471 1055 1534 hac
1087 1471 1303 1534 narrationis

74 1567 176 1644 parte
201 1562 399 1643 Ephesiaca
423 1563 638 1626 consuluisse
670 1561 721 1623 his
745 1561 831 1624 locis
855 1560 945 1622 inter
968 1577 1007 1623 se
1032 1561 1267 1640 comparatis:

287 1741 374 1806 ch.
399 1760 479 1822 pag.
497 1740 573 1822 332,
590 1740 628 1802 3]
656 1737 760 1798 ἑάλωκα
784 1741 828 1796 uei
850 1742 984 1812 νενίκημοι
1009 1741 1053 1796 καὶ
1076 1743 1210 1815 παρθένῳ
1235 1741 1304 1798 δου-

160 1830 245 1890 λεύειν
267 1829 463 1910 ἀναγκάζομαι.

286 1952 362 2015 Hel.
396 1969 475 2032 pag.
504 1950 575 2032 103,
604 1949 642 2012 19
674 1947 787 2007 ἑάλωκεν
818 1946 834 2022 ἧ
867 1948 1023 2015 δυσάλωτος
1054 1951 1099 2007 καὶ
1130 1946 1294 2022 νενίκητατῆ

161 2039 409 2118 δυσκαταμάχητος.
570 2062 574 2069 ·

233 2216 296 2280 Est
313 2234 356 2280 ea
371 2216 528 2297 profecto
544 2214 724 2278 Heliodori
738 2215 939 2279 imitationis
955 2215 1055 2296 ratio,
1073 2216 1110 2276 ut
1129 2213 1302 2277 variando

76 2309 111 2369 et
135 2305 381 2387 amplificando
404 2303 533 2367 imitari
557 2305 788 2368 consueverit.

233 2479 310 2542 Non
334 2480 485 2542 alienum
510 2499 532 2542 a
554 2480 731 2561 proposito
749 2498 826 2544 esse
849 2484 931 2562 puto
955 2480 1022 2543 hoc
1046 2479 1123 2542 loco
1149 2478 1299 2555 alterum

75 2569 274 2649 exemplum
305 2569 479 2648 proferre,
522 2586 588 2649 quo
623 2570 842 2650 ostendatur,
879 2573 1047 2650 quantam
1083 2567 1300 2646 diligentiam

74 2657 269 2738 Xenophon
294 2657 327 2719 in
359 2658 495 2720 utendis
528 2661 711 2738 poetarum
743 2659 894 2722 inventis
927 2657 1132 2734 adhibuerit,
1167 2661 1300 2736 quauta

74 2765 159 2810 vero
193 2746 326 2809 incuria
358 2746 563 2809 Heliodorus
595 2765 669 2809 rem
702 2747 821 2827 egerit.
868 2747 1027 2827 Namque
1059 2745 1152 2826 apud
1183 2745 1298 2809 Xeno·

73 2835 238 2915 phontem
270 2835 413 2915 Anthia,
448 2854 491 2898 ne
523 2835 735 2899 Habrocorni
768 2837 871 2899 tidem
901 2836 1036 2899 violare
1070 2839 1232 2915 cogantur,
1267 2835 1301 2898 in

73 2921 200 2986 Perilai
223 2923 417 2987 thalamum
441 2924 638 2987 introducta
660 2925 955 2988 medicamentum
984 2923 1209 2987 somniferum
1236 2942 1301 3004 pro

73 3031 210 3074 veneno
236 3013 301 3075 sibi
325 3012 443 3074 datum
468 3012 582 3076 haurit
606 3019 640 3074 et
663 3031 726 3094 pro
751 3018 889 3076 mortua
913 3014 1014 3076 cadit.
1047 3011 1180 3074 Domus
1206 3012 1302 3076 Peri-

72 3101 120 3164 lai
144 3119 189 3163 ox
213 3119 254 3163 eo
279 3101 372 3163 facto
403 3101 565 3164 lamentis
598 3107 632 3164 et
664 3107 799 3164 terrore
833 3103 1004 3183 impletur,
1039 3101 1115 3182 ipse
1143 3099 1302 3166 Perilaus

73 3195 232 3254 suamet
218 3189 404 3254 tAnthiae
428 3197 500 3253 sort
503 3209 558 3254 em
582 3191 725 3252 miserat
729 3209 781 3271 ur,
813 3196 848 3253 ut
873 3210 962 3272 quae
986 3191 1030 3253 sit
1062 3193 1153 3251 ext
1141 3187 1300 3254 thalamo

72 3280 107 3343 in
131 3279 368 3381 sepulcrumt
355 3278 599 3343 transferenda
622 3279 725 3354 (Xon.
751 3298 830 3360 pag.
848 3280 923 3361 rot,
949 3280 989 3343 at
1015 3283 1057 3354 εἰς
1080 3270 1149 3342 οἶόν
1171 3298 1207 3342 σε
1231 3274 1300 3344 θά

71 3365 179 3448 λοιμον
201 3355 259 3429 τὸν
282 3357 391 3452 acinon
414 3356 553 3448 ἄξομεν).
599 3366 707 3429 Huius
733 3369 901 3431 acuminis
925 3372 1109 3449 poetarum
1139 3385 1204 3429 usu
1240 3371 1301 3434 ad-

72 3455 260 3517 modumi
248 3458 394 3536 requeti
396 3459 458 3517 an
504 3456 692 3535 Diltheyl.
715 3456 736 3519 l.
761 3458 899 3538 pag.19
926 3458 1107 3564 complura
1132 3460 1302 3566 exempla

72 3544 214 3625 profert,
240 3544 363 3624 quibus
388 3544 585 3606 addendum
611 3550 682 3607 est:
712 3544 816 3627 Soph.
841 3547 918 3609 Ant.
944 3546 1005 3608 391
991 3534 1067 3607 1ὦ
1097 3545 1237 3630 anesten,
1277 3536 1302 3612 ὦ

71 3639 240 3716 νυμφεῖον.

231 3790 391 3852 Perlecto
416 3792 475 3851 aut
477 3807 531 3852 em
570 3808 610 3853 eo
635 3791 856 3873 Xenophont
848 3810 876 3854 rs
906 3791 983 3854 loco
1013 3811 1117 3857 nemo
1153 3797 1300 3876 negabit

72 3883 151 3943 earn
175 3897 250 3942 rem
274 3882 395 3941 narra
396 3896 466 3941 rom
490 3882 571 3960 apte
595 3879 761 3943 insertam
788 3899 865 3944 esse
898 3899 1011 4033 riteque
1044 3884 1129 3946 illud
1160 3891 1242 3948 cont
1245 3905 1300 3949 ra-

71 3969 163 4049 posit
164 3987 254 4044 um,
257 3962 489 4052 ,dalaian-
517 3961 635 4055 τάφον(
638 3968 804 4050 longius
828 3974 939 4052 repetr
941 3975 1013 4034 tum
1038 3972 1160 4036 videri.

232 4127 323 4208 Quid
348 4133 428 4192 cont
430 4147 470 4192 ra
494 4129 726 4195 Heliodorus?
772 4131 807 4194 Is
841 4149 919 4195 cum
952 4132 1123 4213 aptiorem
1154 4133 1299 4201 fabulae

55 4217 179 4277 locum
200 4218 321 4282 videat
332 4219 476 4304 nullum,
498 4217 698 4286 Chariclom
712 4219 800 4284 iacit
812 4223 1021 4289 narrantem
1032 4221 1172 4283 unicam
1187 4223 1300 4290 tiliam
