2776 4486
684 91 705 155 9

616 182 775 190 ——-

243 286 356 351 Nihilo
381 286 499 368 setius,
525 304 604 349 eum
628 285 754 348 sabulis
779 284 917 347 erotieis
934 283 1045 346 semel
1062 285 1168 364 atque
1184 283 1313 347 iterum

78 376 247 460 perlectis
275 376 471 440 rectissime
502 375 585 438 mihi
615 373 744 438 sentire
779 373 996 444 viderentur,
1033 373 1091 452 qui
1123 371 1312 452 Ephesium

81 469 201 531 aetate
223 466 378 547 priorem
402 483 479 528 esse
504 464 754 543 existimarent,
779 463 978 526 faciendum
1002 461 1084 524 mihi
1108 461 1241 541 putavi,
1271 463 1308 523 nt

84 555 246 620 adhibitis
272 553 469 634 Charitone,
495 553 631 616 Achille
655 552 766 633 Tatio,
791 552 912 632 Longo
938 569 997 615 eos
1022 551 1119 613 locos
1144 549 1310 631 Ephesia-

84 663 204 709 corum
228 648 264 708 et
286 642 583 723 Aethiopicorum,
609 641 666 723 qui
690 640 861 721 insignem
885 658 972 721 prae
996 659 1035 703 se
1055 641 1186 702 ferrent
1202 639 1313 702 imita-

82 734 186 799 tionis
209 736 342 814 notam,
374 731 558 812 diligenter
591 731 793 811 colligerem
817 736 852 793 et
876 729 1128 792 examinarem.
1176 727 1314 791 Etenim

82 824 207 889 videre
232 822 316 886 mihi
341 821 437 886 visus
462 839 556 901 sum,
586 819 753 883 no1mulla
776 818 845 899 legi
869 819 963 900 apud
987 817 1256 898 Xenophontem
1281 818 1315 879 et

80 912 323 994 Heliodorum,
349 928 441 991 quae
465 909 559 990 apud
584 913 721 973 ceteros
745 907 961 970 fabulatores
983 908 1135 971 eroticos
1160 910 1220 970 aut
1244 923 1313 969 om-

79 1003 164 1067 nino
191 1000 486 1080 desiderarentur,
513 1006 572 1061 aut
595 999 699 1079 longe
724 997 826 1060 aliter
847 997 1008 1078 exposita
1032 999 1163 1078 essent,
1193 995 1313 1077 quibus

80 1093 176 1156 haec
200 1088 383 1171 sententia,
409 1087 438 1151 si
461 1106 531 1151 non
555 1104 698 1168 prorsus
723 1090 825 1150 extra
849 1086 1101 1150 dubitationem
1122 1085 1254 1167 reponi,
1279 1086 1315 1146 at

83 1179 198 1244 multo
224 1177 301 1242 veri
323 1177 467 1241 similior
492 1176 583 1240 effici
606 1178 759 1258 posset.¹

247 1317 367 1401 Neque
391 1337 478 1383 vero
503 1322 577 1381 tarn
602 1318 753 1382 obseura
776 1317 933 1399 quaestio
959 1321 1026 1398 est,
1052 1336 1157 1398 quam
1181 1308 1316 1381 Nicolai

89 1425 169 1472 eam
192 1426 270 1472 esse
294 1409 379 1473 vult.
426 1408 481 1471 An
506 1407 689 1489 quisquam
712 1406 857 1470 Achillis
882 1407 972 1469 Tatii
995 1406 1083 1470 libro
1108 1406 1314 1470 cumHelio-

89 1496 164 1561 dori
188 1501 393 1579 comparato
419 1496 599 1577 dubitabit,
626 1496 708 1578 quin
730 1497 788 1558 ille
814 1495 905 1558 hune
929 1496 993 1558 sihi
1011 1495 1216 1558 imitandum
1237 1513 1313 1576 pro-

87 1586 267 1668 posuerit?
311 1585 411 1666 Quae
435 1585 582 1649 imitatio
607 1588 681 1648 tarn
705 1586 893 1648 manifesta
917 1590 980 1660 est,
1006 1588 1043 1648 ut
1067 1603 1146 1648 eum
1171 1589 1315 1665 propter

87 1694 295 1758 perversum
318 1676 475 1738 imitandi
501 1675 653 1738 studium
678 1678 713 1738 et
737 1675 893 1756 putidam
918 1673 1168 1755 loquacitatem
1196 1673 1315 1737 neseio

87 1765 145 1848 qui
169 1764 225 1829 vir
248 1765 372 1829 doctus
396 1784 466 1828 non
489 1764 700 1828 imitatorem
737 1763 799 1827 sed
823 1763 959 1826 simiam
984 1762 1163 1827 Heliodori
1186 1780 1315 1825 nuncu·

84 1855 234 1938 paverit.
288 1853 514 1920 Charitonem
549 1857 666 1918 autern
697 1871 775 1917 cum
800 1870 845 1916 ex
869 1852 1057 1915 Heliodoro
1082 1854 1154 1915 tum
1179 1869 1224 1915 ex
1247 1849 1315 1915 Xe-

81 1944 263 2028 nophonte
301 1943 476 2025 quaedam
506 1943 697 2024 sumpsisse
729 1942 905 2006 neminem
937 1959 1030 2005 nnnc
1061 1940 1200 2022 quidem
1238 1958 1316 2004 esse

79 2038 177 2117 puto,
204 2034 263 2115 qui
286 2033 461 2096 infitietur.
508 2033 655 2095 Prorsus
688 2032 791 2112 igitur
820 2030 985 2093 abhorret
1017 2049 1038 2092 a
1062 2030 1139 2092 veri
1162 2029 1315 2094 similitu-

83 2124 164 2187 dine
187 2123 224 2186 in
248 2122 484 2203 Xenophonte
518 2125 552 2185 et
575 2121 764 2186 Heliodoro
796 2119 1033 2200 comparando
1066 2118 1314 2182 nihilomnino

86 2231 184 2275 cerm
206 2230 324 2294 posse.

247 2352 352 2433 Quod
375 2359 490 2418 autern
517 2355 593 2436 ipse
617 2353 770 2417 Rohdins
795 2354 976 2434 desperat,
1007 2352 1195 2433 quidquam
1232 2351 1317 2414 certi

88 2440 124 2504 in
148 2459 189 2504 ea
206 2443 411 2523 quaestione
427 2444 508 2507 sciri
524 2463 639 2526 posse,
658 2462 796 2507 summa
816 2442 955 2524 quidem
973 2447 1026 2504 est
1042 2441 1109 2505 viri
1126 2439 1316 2503 doctissimi

90 2532 289 2615 auctoritas,
307 2533 436 2615 quippe
453 2534 510 2615 qui
527 2533 595 2596 hoc
611 2534 806 2596 litterarum
819 2550 929 2613 genus
946 2531 1083 2613 penitus
1097 2528 1317 2611 perspexerit

90 2617 234 2699 eiusque
255 2621 388 2702 primas
406 2623 556 2703 origines
574 2623 759 2704 aperuerit,
778 2622 841 2686 scd
857 2621 951 2684 haud
967 2621 1039 2682 scio
1057 2638 1102 2682 an
1120 2618 1166 2682 ad
1181 2617 1317 2681 maiora

89 2709 256 2789 spectans
278 2709 371 2775 hane
393 2713 563 2775 minutam
589 2711 829 2793 quaestionem
854 2710 967 2774 levius
992 2708 1155 2789 attigerit.

252 2868 341 2934 Nam
364 2872 457 2954 quod
481 2871 563 2934 dicit
588 2872 621 2949 (l.
640 2872 660 2934 l.
679 2890 758 2952 pag.
775 2871 853 2949 393)
878 2869 1149 2950 Xenophontem
1179 2886 1219 2931 eo
1250 2867 1316 2949 pri-

89 2976 188 3022 orem
213 2957 334 3042 videri,
360 2960 452 3042 quod
476 2961 643 3023 nonnulla
668 2961 760 3040 apud
785 2978 864 3024 enm
888 2957 1259 3039 tamquamineohata
1282 2960 1317 3020 et

86 3048 299 3113 adumbrata
323 3049 401 3129 sint,
437 3068 526 3131 qnae
559 3049 652 3129 apud
676 3049 901 3112 Heliodorum
932 3048 1039 3129 plane
1071 3046 1250 3128 explicata
1282 3050 1317 3109 et

85 3138 262 3221 copiosius
297 3139 460 3219 exposita
493 3139 674 3218 legantur:
714 3139 772 3200 ille
809 3137 948 3200 omnino
981 3135 1165 3218 perbrevis
1198 3138 1251 3198 est
1282 3135 1317 3198 in

85 3228 295 3309 enarrando,
321 3227 378 3290 hic
398 3228 649 3307 grandiloquus
675 3230 708 3290 et
732 3227 903 3289 verbosus
928 3229 962 3290 et
987 3225 1154 3288 luminum
1179 3223 1318 3287 dicendi

86 3320 236 3380 venator
248 3316 452 3380 acerrimus
478 3316 532 3379 Ex
546 3335 613 3396 qno
627 3315 785 3395 eflicitur,
803 3319 908 3378 utres
922 3315 1097 3396 quaedam
1108 3313 1315 3397 simillimae,

89 3420 178 3481 quae
200 3405 272 3468 illio
303 3405 459 3468 breviter
491 3409 525 3468 et
549 3403 696 3467 strictim
727 3408 929 3484 narrantur,
961 3404 1018 3466 hic
1050 3403 1166 3466 multis
1198 3403 1316 3466 verbis

89 3497 325 3574 expommtur,
358 3512 429 3557 non
452 3494 599 3558 eaedem
633 3493 676 3556 ob
708 3493 742 3556 id
765 3493 880 3574 ipsum
904 3493 1052 3556 idoneae
1076 3492 1158 3572 sint,
1193 3491 1316 3573 quihus

89 3576 362 3663 demonstretur,
387 3583 483 3646 hunc*
501 3582 593 3646 illius
617 3582 829 3646 imitatorem
860 3582 1053 3664 putandum
1087 3599 1175 3644 esse.
1224 3579 1317 3660 Quid

88 3666 182 3730 enim
206 3669 331 3754 obstat,
357 3672 539 3754 quominus
564 3690 609 3736 ex
627 3672 801 3735 contrario
818 3672 1020 3750 iudicemus,
1045 3669 1316 3750 Xenophontem

87 3776 132 3821 ea
157 3774 202 3820 ex
225 3757 413 3824 Heliodoro
438 3761 629 3843 sumpsisse
654 3767 697 3842 et,
723 3779 792 3841 qua
814 3765 867 3824 est
888 3759 1025 3824 dicendi
1043 3759 1210 3841 exilitate,
1236 3776 1314 3822 con-

85 3847 240 3912 traxisse
273 3853 307 3914 et
345 3850 590 3914 mutilavisse‘?
646 3849 825 3913 Eiusmodi
855 3868 977 3913 omnes
1014 3849 1089 3913 fere
1126 3866 1317 3913 consensus

86 3940 177 4020 sunt,
203 3956 290 4020 quos
314 3939 446 4020 Rohde,
470 3957 550 4020 pag.
569 3939 634 4002 392
659 3957 705 4002 ex
728 3939 781 4002 his
805 3939 1033 4020 scriptoribus
1058 3938 1190 4002 adfert:
1225 3937 1317 4016 quod

86 4026 180 4109 apud
204 4030 391 4109 utrumque
415 4045 485 4093 una
508 4046 555 4094 ex
576 4027 723 4094 fabulae
743 4028 912 4112 personis
933 4028 987 4099 ah
995 4025 1223 4089 semmam
1232 4021 1342 4106 sesm-

79 4118 166 4178 nata
197 4115 235 4180 tn
274 4120 480 4186 extremum
515 4120 620 4189 vitae
662 4121 867 4188 diserimen
904 4113 1125 4185 andnemi,
1153 4100 1261 4200 <spon
1276 4095 1385 4222 mg}

65 4199 319 4273 Habrocomes
342 4208 447 4280 illine
465 4212 672 4285 chariclea
694 4214 856 4283 nomine
875 4202 1043 4275 sederis
1066 4196 1118 4256 ale
1138 4180 1385 4327 33·ζέἳέ

58 4289 245 4360 commissi
286 4298 525 4383 damnantur
569 4314 614 4384 et
646 4309 798 4385 eodem
834 4293 1034 4373 miraeus
1067 4286 1198 4347 &9¹2²

1329 4432 1385 4450 A
