2776 4486
243 1113 304 1215 Ex
345 1167 412 1231 quo
453 1142 696 1228 Xenophontis
736 1142 935 1228 Ephesiaca
974 1162 993 1210 e
1028 1145 1198 1233 tenebris,
1240 1146 1311 1232 qui-

83 1239 150 1301 bus
176 1238 232 1300 diu
255 1240 433 1303 occultata
457 1230 567 1318 erant,
600 1236 635 1299 in
658 1237 774 1300 lucem
797 1237 937 1318 prolata
966 1240 1001 1300 et
1031 1237 1182 1318 primum
1217 1239 1312 1304 edita

85 1331 178 1410 sunt,
203 1329 389 1410 ambigitur
412 1329 503 1389 inter
526 1325 622 1390 viros
647 1325 784 1408 doctoS,
819 1344 888 1407 qua
912 1329 1030 1390 aetate
1054 1332 1177 1392 auctor
1201 1328 1312 1393 libelli

84 1416 236 1480 floruerit
269 1422 303 1482 et
336 1435 440 1499 quem
470 1415 587 1478 locum
620 1415 776 1479 obtineat
812 1416 903 1479 inter
935 1415 1125 1498 scriptores
1158 1421 1310 1502 veteres,

83 1507 139 1589 qui
162 1506 263 1570 nobis
287 1506 426 1571 fabulas
450 1504 706 1586 Romanenses,
731 1522 819 1586 quas
842 1509 989 1583 vocant,
1015 1505 1251 1587 reliquerunt;
1277 1511 1312 1572 et

80 1615 212 1678 magna
245 1615 331 1660 sane
363 1599 416 1659 est
447 1593 699 1659 sententiarum
737 1594 989 1677 discrepantia,
1026 1613 1104 1658 cum
1140 1597 1199 1659 alii
1232 1615 1312 1661 eum

81 1686 251 1768 secunde,
286 1686 345 1749 alii
376 1686 500 1766 quarto
533 1686 593 1747 aut
626 1682 744 1764 quinto
779 1683 920 1747 saeculo
949 1702 982 1765 p.
1001 1682 1079 1748 Chr.
1097 1703 1130 1748 n.
1156 1685 1310 1766 viguisse

81 1775 305 1856 contendant,
331 1777 434 1856 prout
457 1776 517 1837 aut
541 1773 695 1836 omnium
719 1772 954 1836 tabulatorum
979 1774 1199 1857 ereticorum,
1230 1793 1312 1857 quo-

77 1884 156 1930 rum
181 1863 261 1927 libri
285 1867 436 1945 exstant,
462 1880 542 1926 eum
564 1861 841 1926 vetustissimum
870 1878 958 1943 esse,
984 1866 1044 1926 aut
1067 1867 1147 1944 post
1172 1868 1308 1929 ceteros

79 1972 203 2019 omnes
227 1971 296 2017 uno
322 1950 511 2017 Charitone
543 1956 692 2033 excepto
727 1954 787 2014 aut
820 1953 900 2032 post
923 1950 1150 2015 Heliodorum
1183 1954 1309 2018 saltem

80 2043 268 2126 scripsisse
293 2042 506 2105 existimant.

59 2222 91 2295 u
244 2209 378 2291 Quodsi
401 2210 616 2292 quaerimus,
646 2209 770 2290 quibus
795 2209 940 2290 quisque
970 2210 1185 2290 argumentis
1208 2211 1311 2275 nixus

72 2298 248 2381 ,iudicium
264 2299 397 2381 fecerit,
413 2299 482 2362 hoc
497 2299 571 2363 fere
587 2300 665 2362 loco
683 2317 762 2362 eam
779 2299 1021 2382 quaestionem
1038 2317 1116 2362 esse
1135 2300 1312 2366 videmus:

70 2387 128 2449 ,Ε1
150 2386 305 2453 homines
331 2388 439 2471 docti,
472 2389 530 2470 qui
552 2387 823 2469 Xenophontem
847 2386 1037 2469 Ephesium
1060 2389 1151 2452 infra
1176 2394 1312 2454 ceteros

59 2468 241 2541 .-r'eiusdem
273 2477 412 2559 generis
445 2478 635 2559 scriptores
664 2478 723 2540 vel
758 2495 878 2540 omnes
911 2478 971 2540 vel
1004 2478 1174 2559 quosdam
1205 2480 1312 2544 fuisse

58 2569 308 2657 “qutaverunt
326 2567 495 2630 adunam
516 2566 687 2630 sermonis
705 2565 918 2647 elegantiam
935 2570 969 2629 et
987 2567 1141 2631 colorem
1157 2569 1312 2633 Atticum

49 2657 352 2739 xspeotaverunt,
388 2674 456 2737 quo
493 2674 572 2720 eum
608 2655 733 2719 ceteris
767 2673 890 2737 parem
925 2673 994 2719 non
1032 2674 1110 2720 esse
1145 2657 1311 2722 dicerent.

51 2742 277 2825 {Dorvillius
302 2745 441 2826 quidem
473 2745 531 2824 (ad
556 2743 685 2810 Charit.
710 2762 790 2825 pag.
816 2743 870 2823 19)
895 2743 957 2826 ait,
990 2749 1168 2826 „aetatem
1194 2746 1311 2812 Chari-

82 2835 173 2899 tonis
197 2833 369 2898 hactenus
394 2834 529 2898 definiri
551 2852 656 2915 posse
673 2832 739 2896 sibi
755 2833 877 2915 videri,
903 2836 940 2895 ut
956 2834 1083 2897 saltem
1099 2839 1183 2916 post
1198 2836 1312 2900 Helio-

83 2924 217 3006 dorum,
235 2922 409 2988 Achillem
425 2922 573 3004 Tatium,
592 2922 752 3003 Longum
770 2940 900 2986 aevum
916 2922 1031 3002 egisse
1043 2927 1116 2987 tuto
1127 2928 1311 3008 statuatur,

81 3014 217 3077 immo
247 3026 355 3096 post
383 3012 533 3092 ipsum
557 3011 804 3092 Ephesium
828 3011 1196 3092 Xenophontem.
1244 3014 1313 3078 Eos

82 3103 174 3166 enim
199 3119 322 3166 omnes
345 3101 494 3165 tersiore
518 3103 553 3164 et
575 3100 716 3181 puriore
740 3099 891 3164 dictione
914 3118 996 3164 usos
1021 3099 1133 3166 esse.“

245 3272 405 3351 Corayus
422 3289 519 3355 vero,
545 3272 661 3355 quiin
685 3272 811 3336 eadem
829 3273 1005 3336 sententia
1022 3277 1085 3355 est,
1110 3273 1195 3336 nihil
1219 3275 1314 3340 aliud

86 3358 187 3423 affert
211 3362 361 3425 adeam
386 3360 672 3444 confirmandam,
702 3361 769 3425 nisi
792 3380 893 3425 usum
918 3363 1135 3443 quorundam
1161 3365 1314 3428 vocabu-

86 3445 215 3530 lorum,
245 3467 350 3531 quem
374 3449 515 3514 serioris
540 3452 666 3516 aetatis
691 3451 857 3515 indicium
882 3469 960 3515 esse
991 3452 1080 3514 falso
1114 3452 1313 3537 arbitratur,

87 3551 167 3597 cum
192 3553 236 3598 ea
257 3540 434 3604 vocabula
457 3540 574 3605 multis
599 3545 681 3605 ante
710 3541 927 3604 fabulatores
958 3541 1107 3603 eroticos
1139 3542 1313 3624 scriptori-

85 3626 149 3688 bus
175 3623 438 3712 usitatasint.1)
479 3630 567 3694 Tam
591 3630 727 3694 infirmo
753 3634 871 3693 autem
895 3633 1000 3710 atque
1023 3630 1131 3711 ipsius
1155 3631 1315 3698 doctrina

83 3715 227 3796 indigno
252 3723 457 3794 argumento
481 3719 592 3784 fretus
615 3738 686 3782 non
710 3719 845 3782 dubitat
870 3719 1057 3801 affirmare,
1082 3720 1187 3801 plane
1204 3721 1314 3787 incre-

246 4001 265 4064 ¹)
285 3999 322 4058 ad
340 4001 457 4060 Heliod·
481 4001 632 4078 [11113.ιέ
657 4010 771 4061 τοιαῦτα
797 3988 871 4058 εἶναι
894 4009 911 4057 b
939 4004 1081 4073 „aspecire
1103 3997 1197 4064 'eund‘
1228 3986 1364 4066 11νῖ111ιῆ

78 4071 444 4151 ᾗ,αέγιτς“11111“,,σφο11’ρός“,
464 4085 484 4153 ἡ
502 4081 686 4160 ,,ευ’μορφῖα“
707 4088 870 4155 κατακόρως
892 4082 937 4139 εἰς
1155 4141 1161 4154 ,
1212 4137 1233 4160 u
1288 4135 1306 4165 ν

70 4150 119 4194 τοῦ
136 4147 277 4214 ,μα’λλαμσ,
303 4149 350 4206 καὶ
367 4157 559 4235 ’,εὔμορφοςιι
587 4159 657 4220 ἀντὶ
680 4170 733 4220 τοῦ
754 4160 894 4230 „gabdgg
910 4155 941 4210 οἱ,
974 4145 1077 4219 „nebel
1110 4148 1217 4206 goeros

55 4216 203 4283 „a'yaror‘
218 4223 242 4288 ἤ
252 4227 409 4300 »εὐτυχεῖς
426 4244 571 4316 mm«,
585 4240 640 4300 καὶ
658 4243 746 4301 ἄλλα,
764 4272 806 4287 ,,,
