2784 4456
626 81 784 89 ——-—

93 179 233 250 nomine
256 178 448 267 Tyrrheno,
472 182 695 265 recipiuntur.
727 181 917 246 Videamus
937 197 1039 262 nuno,
1064 196 1171 261 quam
1188 174 1320 245 similia

95 278 241 357 uterque
265 274 415 356 scriptor
437 275 574 336 narret:

304 413 392 478 Xen.
424 414 481 477 lib.
506 412 537 477 V
566 430 646 495 pag.
678 411 757 494 380,
797 413 819 474 4
854 430 903 493 sq.
959 412 1027 475 Καὶ
1061 403 1117 491 δὴ
1132 410 1322 492 ἐνοικίζεται

178 512 317 591 ιιληιιον
356 510 415 588 τῆς
460 504 637 588 θαλάττης
679 496 770 587 παραὶ
804 500 897 589 ἀνδρὶ
930 508 1081 590 Αἰγιαλεῖ
1110 500 1321 601 πρεσβύτῃ,

177 599 278 670 ἁλιεῖ
299 595 367 682 τὴν
394 608 556 688 τέχνην

175 916 253 983 ὅσον
275 912 427 1004 προήκων
458 912 523 1004 ὁρῶ
553 912 798 1000 ιιρεσιιίιιιν
823 874 1056 981 δλιεοτικόν
1078 911 1233 1002 πρόσθεν
1258 920 1336 987 τιῑνΙ

179 1015 296 1099 θνρων
319 1014 385 1076 τῶν
408 1006 511 1078 αὐτον
499 1004 736 1096 καθήιιενον.

247 1165 337 1231 Laet
323 1169 423 1229 tusu
401 1168 548 1245 uterque
571 1163 684 1245 piscat
687 1180 725 1226 or
748 1162 921 1245 hospitem
945 1164 1087 1246 recipi:

300 1279 388 1344 Xen
423 1297 504 1362 pag.
535 1278 615 1361 380,
645 1278 674 1344 8.
730 1273 826 1345 ὑπεδέ
813 1281 984 1360 έξοιτοὲ
949 1282 984 1347 δὲ
1015 1274 1073 1347 τὸν
1110 1277 1319 1372 Ἀβροκόμην

176 1394 322 1460 ασμενος.

298 1481 433 1545 Heliou.
450 1498 530 1563 pag.
551 1481 621 1559 140,
642 1480 689 1544 13.
716 1529 722 1544 .
749 1530 756 1544 .
782 1531 788 1544 .
815 1473 965 1563 παρόντα
986 1505 1026 1563 με
1041 1501 1215 1564 ασμενοςο
1238 1486 1317 1573 Tup-
1361 1486 1364 1493 '

171 1565 269 1662 ρηνδς
290 1569 392 1640 ὑιιοδέ
379 1579 491 1660 έχειαι.

243 1717 318 1782 Ut
276 1722 431 1802 trlusque
455 1737 602 1783 uxorem
618 1719 720 1784 brevi
742 1724 823 1785 aute
840 1724 1014 1785 mortuam
1038 1739 1116 1785 esse
1133 1728 1315 1791 narratur:

142 1880 145 1885 .
293 1833 382 1899 Xan.
418 1852 497 1916 pag.
522 1833 597 1918 381,
621 1834 652 1899 9.
704 1835 759 1899 καὶ
781 1839 943 1917 τέθνηκεν
986 1838 1140 1902 ἐνταῦθα
1184 1833 1226 1904 οὐ
1251 1826 1320 1928 ιιρδ

171 1929 295 2014 ιιολλοιῖ
320 1920 482 2008 Θιλξινόη.

293 2054 428 2118 Heliod.
453 2073 533 2137 pag.
562 2055 633 2137 140,
658 2055 688 2119 9.
736 2049 756 2134 ἡ
789 2077 852 2138 γοιρ
883 2045 991 2137 μήτηρ
1030 2047 1143 2127 αὐτοῖς
1173 2049 1214 2119 οὐ
1251 2045 1315 2139 ιιρδ

167 2149 292 2213 πολλοῦ
315 2151 485 2229 τέθνηκεν.

133 2270 350 2355 (Tyrrhenus
375 2274 418 2337 de
442 2274 520 2336 filiis
544 2273 615 2337 suis
641 2291 719 2336 oum
744 2271 893 2337 Calasiri
916 2273 1052 2355 hospite
1076 2273 1257 2360 loquitur.)

239 2416 425 2498 Utriusque
449 2416 605 2499 hospites
629 2416 797 2497 piscando
823 2420 960 2497 tempus
984 2419 1117 2479 terunt:

291 2531 379 2597 Xen.
404 2551 484 2614 pag.
501 2530 613 2613 382,3
638 2548 688 2612 sq.
736 2524 754 2593 ὁ
785 2531 845 2615 μὲν
873 2521 1074 2614 Ἀβροκόμης
1103 2578 1136 2592 ..
1162 2578 1168 2592 .
1200 2531 1313 2617 διῆγεν

164 2631 197 2689 ἐν
223 2620 468 2713 Συρακούσαις,
491 2618 553 2706 ἤδη
575 2625 630 2690 καὶ
654 2627 710 2706 τῆς
735 2630 847 2710 τέχνης
869 2627 1019 2708 Αἰγιαλεῖ
1039 2625 1212 2688 κοινωνῶν.

290 2752 423 2815 Heliou.
448 2771 527 2832 pag.
551 2753 620 2832 140,
637 2753 679 2815 23
704 2771 754 2834 sq.
798 2751 856 2816 τοῦ
883 2753 1055 2836 Τυρρηνοῦ
1075 2743 1117 2815 ιδ
1138 2753 1198 2835 μὲν
1223 2757 1310 2822 καθ’

166 2836 284 2911 ἑαυτὸν
317 2839 519 2928 ἁλιεύοντος,
548 2836 589 2908 ιδ
617 2845 650 2910 δὲ
678 2847 731 2910 καὶ
765 2841 854 2930 ἡμῶν
888 2850 978 2911 ἔστιν
1007 2841 1061 2911 ὅτε
1095 2843 1155 2923 τὴν
1184 2844 1311 2933 σχολὴν

164 2939 406 3025 διατιθεμένων
426 2946 480 3004 καὶ
505 2945 802 3027 οννεραιιτομένων
825 2943 882 3021 τῆς
904 2934 1015 3028 ἄγρας.

234 3087 389 3167 Uterque
405 3085 560 3168 hospites
584 3091 645 3169 pat
647 3105 731 3151 erno
732 3089 904 3177 quodam
927 3105 1047 3151 amore
1063 3050 1317 3170 prosequituri
1364 3118 1367 3123 ·

286 3200 374 3265 Xen
399 3220 480 3284 pag
505 3201 628 3285 38Ο,8.
657 3196 959 3292 Αβροκόμην...
984 3203 1126 3269 .ιιαῖδα
1159 3196 1310 3288 ἐνόμιζεν
1336 3198 1366 3211 ”

162 3288 267 3358 αὑτοῦ
288 3296 342 3358 καὶ
355 3289 478 3379 ιἰγαιια
502 3291 731 3385 διαφερόντως.

289 3420 423 3484 Heliod.
448 3422 691 3503 pag.141,131.
739 3421 899 3507 ἐπόμνυμι
928 3472 933 3484 .
958 3474 964 3485 .
989 3474 994 3484 .
1018 3473 1024 3486 .
1054 3411 1073 3502 ἦ
1100 3424 1166 3505 μήν
1196 3419 1306 3493 αὐτόν

161 3517 195 3577 τέ
218 3534 252 3579 σε
276 3507 317 3590 ὡς
340 3507 496 3604 ἀδελφόν,
519 3511 639 3590 παῖδας
662 3541 695 3581 τε
721 3509 795 3592 τοὺς
818 3511 894 3593 σούς
917 3515 972 3581 ιἰια
999 3519 1052 3581 καὶ
1081 3517 1193 3580 παισὶν
1217 3514 1305 3604 ὁρᾶν

158 3619 225 3683 τοῖς
248 3614 340 3694 ἐμοῖς.

231 3750 274 3814 Ει
297 3757 473 3817 rerumet
460 3754 788 3818 tvooabulorumt
775 3758 846 3817 tam
862 3755 987 3818 mirum
1005 3773 1213 3819 eonsensum
1230 3757 1299 3822 for-

70 3839 195 3902 tuitum
220 3858 391 3905 essenon
414 3860 529 3924 posse,
553 3861 656 3906 nemo
681 3862 751 3906 non
776 3844 955 3908 conradet.
933 3844 1103 3926 ttAque
1128 3862 1206 3908 meo
1224 3849 1298 3928 qui-

71 3929 151 3992 dem
175 3930 338 3993 iudiciot
325 3936 400 3994 an
401 3950 459 3994 um
483 3932 651 3995 momenti
625 3931 731 3995 thie
754 3950 842 3995 unus
869 3933 967 3996 loeus
991 3933 1154 4014 habeto
1133 3937 1235 3997 utex
1254 3955 1297 4001 eo

70 4018 145 4082 solo
170 4022 225 4082 sat
225 4019 254 4083 is
280 4020 440 4084 demonst
427 4020 513 4084 trani
536 4022 660 4103 possit,
690 4040 761 4085 nou
791 4022 895 4086 modo
919 4022 1121 4086 imitationis
1152 4022 1296 4090 vinculo

69 4105 156 4172 Nost
142 4112 214 4172 tros
249 4126 427 4173 connexos
459 4127 552 4192 esse,
589 4110 721 4174 sedt
686 4111 792 4175 etiam
821 4111 1091 4175 Heliodorum
1082 4111 1298 4179 1mitaatorom

55 4196 334 4261 errotunandum
360 4216 449 4264 esse.
871 4238 874 4243 ·
