2784 4456
601 81 760 183 „ffl-

66 280 259 351 imitatione
290 276 372 340 nihil
404 293 449 339 ex
484 274 533 337 eis
564 274 709 337 iudicari
740 272 859 354 possit.
906 267 1142 333 Usitatissima
1172 269 1290 329 autern

67 370 206 434 creticis
239 370 334 430 sunt:
368 366 487 453 φιλεῖν,
519 366 725 452 καταφιλεῖν,
758 351 1024 447 περιλαμβάνειν,
1056 351 1290 445 περιφύεσίίαι,

66 455 293 550 συμφύεσθαι,
309 461 571 545 περιπλέκεσθαι,
594 452 888 545 περιπτύσσεσθαι,
911 445 1029 537 γόνασι
1049 456 1272 540 προσπίπτειν.

226 615 300 678 Etsi
323 631 392 676 non
417 615 521 693 plane
551 615 641 677 inter
665 633 703 677 se
732 619 940 696 congruunt,
973 615 1070 678 velut
1094 613 1291 694 Xenophon

64 725 152 771 unus
177 705 313 768 scribit:
338 706 598 790 ,προκαλίεσθαι
620 705 686 768 τῶν
709 704 836 769 ποδῶν“
861 707 952 785 (pag.
970 703 1045 784 368,
1070 703 1129 776 29;
1155 703 1230 783 366,
1249 703 1286 769 3:

62 796 139 878 353,
164 795 205 873 43
242 794 283 856 ci.
309 811 389 876 pag.
414 795 493 874 397,
518 794 573 869 28)
604 812 690 856 unus
723 793 931 857 Heliodorus
961 793 1224 878 ,,περιχνθῆναι“
1256 796 1290 855 et

64 885 380 970 ,,ὲναγκαλίζεσθαι“
404 884 523 948 verbis
549 884 662 946 utitur.

224 1062 269 1124 At
292 1080 362 1124 non
386 1061 510 1124 desunt
535 1062 633 1122 certa
655 1059 855 1123 imitationis
872 1060 1008 1123 indicia.
1042 1058 1197 1139 Quorum
1221 1059 1289 1140 pri-

49 1171 158 1217 umum
196 1152 229 1213 in
267 1169 380 1231 pravo
416 1148 568 1230 quodam
601 1148 900 1211 enumerationum
935 1168 998 1212 usu
1030 1149 1179 1230 positum
1212 1167 1290 1211 esse

61 1242 214 1321 videtur,
240 1239 297 1321 qui
316 1237 581 1318 reprehenditur
605 1255 627 1300 a
642 1237 775 1300 Rohdio
800 1256 879 1318 pag.
896 1237 960 1301 407
979 1239 1095 1301 adnot.
1112 1237 1142 1301 2.
1175 1237 1289 1300 Xeno-

36 1330 157 1411 =pbon
182 1330 272 1392 enim
307 1328 395 1391 adeo
428 1326 511 1391 nihil
543 1330 659 1406 potest
688 1327 723 1388 in
756 1327 937 1390 affectibus
969 1327 1289 1391 vehementioribus

66 1417 312 1499 describendis,
337 1420 374 1480 ut
398 1416 517 1480 varias
540 1426 574 1479 et
590 1416 797 1479 fluctuantes
821 1417 927 1479 animi
948 1417 1199 1480 commotiones
1215 1420 1288 1479 tan-

64 1507 241 1570 tummodo
267 1509 457 1586 enumeret,
482 1509 661 1586 tamquam
687 1505 873 1585 desperato
897 1505 1076 1587 scriptoris
1108 1506 1222 1568 officio
1255 1508 1289 1569 et

65 1613 218 1659 munere.
265 1596 330 1657 Hic
354 1599 469 1658 mrtem
500 1613 580 1657 usus
614 1611 692 1657 cum
726 1598 869 1674 propter
900 1595 1132 1676 frequentiam
1166 1612 1286 1658 eorum

65 1682 221 1746 locorum
249 1684 472 1764 Xenophonti
507 1687 544 1746 ut
576 1685 649 1746 eius
680 1684 839 1764 proprius
872 1684 1075 1746 tribuendus
1106 1686 1173 1763 est,
1215 1687 1289 1746 tum

65 1771 211 1834 mirilico
233 1773 396 1836 convenit
420 1774 493 1836 eius
517 1773 685 1836 ieiunitati
718 1775 752 1835 et
776 1772 923 1835 exilitati
955 1772 1106 1852 dicendi,
1142 1772 1186 1835 de
1220 1791 1288 1852 qua

64 1878 137 1923 non
159 1863 265 1925 semel
290 1863 419 1925 dictum
444 1865 505 1924 est.
537 1899 581 1907 —-
610 1862 724 1941 Atque
758 1879 878 1923 omnes
910 1879 970 1924 eas
1006 1861 1285 1924 enumerationes

65 1948 279 2030 colligendas
297 1970 374 2014 esse
390 1951 634 2032 iudicavique
652 1948 787 2014 facilius
805 1950 1020 2030 comparatio
1033 1950 1285 2013 institueretur:

227 2108 306 2171 Xon.
331 2124 405 2188 pag.
429 2107 499 2181 339,
526 2106 564 2168 15
591 2107 699 2167 πόντων
730 2108 787 2185 ἅμα
819 2117 846 2169 ίν
876 2106 1026 2186 ὑπομνήσει
1056 2107 1205 2187 γινόμενοι,
1236 2113 1287 2169 τοῦ

56 2195 192 2273 χρησμοί,
214 2199 265 2255 τοῦ
286 2193 393 2262 παιδός,
414 2196 460 2264 τῆς
480 2193 644 2268 οίποδημίας.
669 2228 709 2238 -
732 2210 806 2274 pag.
820 2194 926 2272 340AE
948 2193 1037 2254 πολλὰ
1051 2194 1108 2273 ἅμα
1125 2199 1288 2262 ἐννοοῦντες,

59 2285 125 2348 τοῦς
147 2286 265 2357 πατέρας
288 2283 469 2358 οἰκτείραντες,
491 2285 538 2348 τῆς
559 2285 690 2357 πατρίδος
705 2284 912 2357 ίπιθνμοῖντες,
928 2279 975 2340 τ“ν
987 2268 1110 2358 χρησμόν
1128 2280 1288 2350 δεδοικότες,

57 2366 108 2441 τήν
130 2366 286 2443 οἷποδημίαν
308 2366 512 2434 διοπτεύονιες.
540 2400 575 2409 -
612 2382 685 2443 pag.
709 2365 781 2434 35¹,
805 2366 824 2428 8
847 2366 1002 2443 ἀναμίξασα
1034 2366 1132 2432 πάντα,
1167 2366 1288 2441 φθόνον,

61 2459 231 2526 ζηλοτυπίαν,
255 2452 348 2527 λύπην,
373 2454 473 2529 φόβον.
498 2486 534 2496 --
561 2469 632 2532 pati.
655 2451 726 2518 364.
749 2452 789 2513 2ss
821 2453 971 2513 ἐνενόει
994 2457 1010 2511 δ
1020 2458 1031 2512 ε’
1054 2453 1130 2529 ἅμα
1153 2453 1288 2519 πολλά,

60 2537 109 2597 τόν
130 2543 225 2614 ἔρωτα,
249 2539 313 2607 τοὺς
333 2539 441 2617 ὅρκους,
464 2538 511 2613 τήν
533 2543 661 2616 πατρίδα,
683 2537 747 2607 τοίς
769 2546 894 2617 πατέρας,
926 2538 973 2607 τήν
995 2538 1123 2617 ἀνάγκην,
1155 2539 1203 2599 τόν
1234 2539 1287 2617 μολ-

58 2650 181 2698 μοι·.-
215 2641 287 2702 pagi.
312 2624 424 2702 3ίλ,ί
458 2629 589 2686 ἔννοια
621 2624 772 2684 πάντων
800 2624 1038 2704 Menalippa
1070 2624 1287 2703 εἰσήρχετο,

59 2709 194 2777 Ἀνθείας,
219 2716 267 2770 rofi
290 2711 425 2777 θανάτου,
448 2716 498 2771 τοῦ
520 2710 620 2784 τάφον,
644 2715 687 2779 εἷς
710 2711 852 2778 ἀπωλείας.
890 2747 910 2755 -
941 2726 1015 2788 pag.
1039 2710 1111 2780 372,
1135 2712 1176 2772 30
1200 2710 1286 2770 aaut

59 2795 118 2872 ἅμα
148 2796 272 2863 ἐσκόπει,
304 2796 350 2869 τήν
376 2795 513 2864 Ἄνθειαν,
535 2797 600 2864 τοὺς
621 2797 726 2873 ὅρκους,
756 2795 803 2871 τήν
835 2796 963 2863 πολλάκις
993 2795 1077 2857 αδιόν
1106 2797 1288 2872 σωφροσύνην

57 2881 239 2952 αἷδιιιήαιισαν.
266 2915 302 2924 -
328 2881 710 2962 pag.393,8ntr1uv
741 2883 860 2943 αὐτόν
891 2887 1023 2943 ἔννοια
1050 2887 1119 2943 των
1150 2886 1287 2944 δεινῶν

60 2966 275 3042 εἰσήρχετο,
308 2973 353 3039 ιής
383 2973 521 3044 πατρίδος,
552 2974 604 3027 τῶν
626 2976 756 3043 πατέρων,
788 2973 832 3042 τῆς
860 2969 992 3036 Ἀνθείας,
1023 2974 1075 3028 τῶν
1107 2970 1221 3028 οἰκετῶν.
1246 3004 1286 3013 -

61 3070 133 3132 hag.
158 3052 231 3128 396,
255 3060 294 3112 ul
325 3053 515 3131 συμβάλλουσι
537 3058 566 3112 δὲ
589 3054 677 3114 πάντα
700 3055 766 3132 ἅμα,
789 3054 822 3114 τό
846 3054 961 3131 δάκρυα,
984 3053 1017 3114 τό
1040 3053 1220 3133 α’ναθήματα,
1251 3053 1286 3115 τό

60 3132 194 3216 όνόματα,
217 3139 247 3198 τό
274 3138 352 3208 εἶδος.
375 3176 416 3184 -
450 3155 522 3217 [lag.
547 3138 620 3217 397,
648 3143 683 3202 ii)
706 3149 808 3215 κατεῖχε
832 3146 860 3201 δὲ
882 3141 982 3209 civeis
1003 3140 1091 3201 πολλοὶ
1114 3141 1172 3217 ἅμα
1195 3139 1285 3216 πόθη,

59 3225 151 3301 ἡδονή,
164 3225 242 3300 λόπη,
266 3225 364 3303 φόβος,
386 3224 470 3300 ήτιῖιν
492 3231 627 3304 προτέραν
645 3224 742 3303 μνήμη,
764 3226 795 3286 τό
819 3230 871 3287 τῶν
887 3226 1037 3304 μελλόντων
1052 3231 1120 3295 δέος.

220 3400 311 3463 Sertis
336 3401 553 3480 frequentem
578 3400 670 3463 huuc
694 3419 793 3463 usum
819 3420 897 3464 esse
926 3421 989 3484 pro
1016 3403 1189 3467 brevitate
1214 3404 1284 3484 qui-

63 3481 143 3545 dem
166 3490 375 3553 narrationis
400 3488 542 3569 Ephesii
567 3490 827 3553 concedendum
854 3495 915 3553 est.
956 3492 1069 3574 Atque
1094 3493 1182 3556 adeo
1207 3511 1284 3555 uus-

62 3589 177 3652 quam,
195 3579 286 3653 quod
310 3579 449 3660 quidem
465 3578 624 3641 iuvenire
641 3579 822 3661 potuerim,
842 3598 1048 3645 concursum
1066 3583 1161 3645 illum
1179 3582 1285 3645 animi

63 3661 362 3743 perturbationum
388 3669 489 3731 aliter
514 3668 677 3749 depingit.

221 3839 444 3907 Heliodorum
469 3864 554 3909 vero
583 3850 618 3909 et
651 3847 735 3909 artis
766 3846 962 3909 rhetoricae
989 3849 1136 3912 scientia
1171 3856 1205 3912 et
1235 3850 1283 3913 fa-

62 3931 193 3993 cilitate
223 3929 375 4009 quadam
404 3935 578 3997 scribendi
609 3936 717 3998 multo
742 3942 924 4016 praestare
948 3936 1173 4017 Xenophonti
1195 3939 1285 4002 inter

61 4038 182 4083 omnes
200 4023 347 4100 constat,
366 4039 435 4101 qua
450 4038 489 4085 re
505 4023 691 4104 plerosque
708 4025 865 4088 homines
884 4026 1005 4088 doctos
1022 4025 1181 4090 inductos
1195 4046 1283 4110 esse,

62 4112 98 4171 ut
123 4127 203 4172 eum
228 4112 346 4172 aetate
379 4111 595 4192 superiorem
627 4117 800 4196 putarent,
833 4132 940 4195 supra
972 4121 1292 4179 commemoratum
1342 4162 1345 4169 .

61 4200 123 4261 est.
172 4196 225 4264 Ob
249 4199 285 4263 id
307 4199 421 4280 ipsum
445 4199 612 4265 credibile
635 4220 709 4266 non
729 4206 788 4267 est
813 4221 902 4267 eum
931 4203 986 4265 ab
1013 4201 1218 4262 animem
1241 4195 1317 4249 se&-
1380 4229 1382 4234 -

60 4285 138 4352 lerti
159 4286 300 4355 rhetore
325 4293 397 4358 tam
421 4288 608 4377 indignum
641 4292 875 4359 descendere
906 4283 1173 4354 eonsoen'xsse.
1204 4271 1355 4335 &we
