2784 4456
523 75 683 178 gs—

24 261 219 353 ᾖζήσεσθαι
239 262 340 354 μόνος
362 262 439 334 ἄνευ
465 260 577 347 Χλόης
597 266 679 351 μηδὲ
704 269 783 346 μιᾶς
814 268 933 350 χρόνον
965 259 1100 350 ἡμέρας
1137 258 1214 342 ἡδὲ

24 360 87 447 Ιλόη
110 414 236 433 .....
261 356 320 429 τόν
351 355 454 429 αόιόν
481 361 624 450 Δάφνιδι
654 360 733 442 ἕξειν
765 363 820 425 καὶ
855 354 1012 426 θάνατον
1044 359 1098 424 καὶ
1130 358 1215 439 βίον,

24 465 82 529 iod
104 468 157 528 est
181 463 430 530 conferendum
455 479 534 526 cum
556 462 644 526 Xon.
663 479 741 541 pag.
759 459 833 540 341,
851 458 871 523 2
894 445 954 539 ἐγὼ
977 457 1031 520 καὶ
1052 445 1160 539 βραχύ
1181 477 1214 517 τι

24 563 250 624 ιοσιιασινεῑσσ
281 559 342 622 σοῦ
364 548 439 623 otu
461 547 601 639 ζήσομαι
627 545 701 620 οότε
724 552 785 619 τὸν
805 548 898 634 ἥλιον
924 544 1062 638 όιμομαι,
1085 556 1120 617 et
1132 570 1212 634 pag.

24 648 63 730 ⁵7,
88 649 127 712 1ss
152 636 211 709 τόν
226 636 368 726 ἐραστήν
383 645 462 729 ἔχεις
477 636 591 726 ἄνδρα,
613 635 688 724 μεθ’
709 630 747 706 οὗ
766 641 891 720 ζῆνκαὶ
909 632 1098 704 ἀποθανεῖν
1114 632 1214 723 incip-

24 767 33 807 ι
53 742 183 826 γυναικὶ
204 733 359 828 σώιγρονι.

150 883 317 950 Chariton
355 886 390 947 et
422 882 576 946 Achilles
611 881 731 945 Tatius
763 879 848 943 nihil
884 878 956 942 tale
989 877 1212 960 scripserunt,

24 994 104 1060 aque
128 993 191 1057 pro
217 991 337 1039 earum
360 972 560 1037 fabularum
585 969 809 1052 dispositione
839 967 993 1032 seribere
1016 970 1213 1057 potuerunt.

149 1276 235 1341 Onm
258 1275 326 1339 hoc
343 1278 549 1355 argumento
567 1279 684 1339 autem
702 1280 778 1339 arte
801 1273 967 1338 cohaeret
990 1272 1084 1337 aliud
1108 1273 1214 1355 quod-

24 1383 71 1430 tm
96 1365 237 1430 ductum
262 1383 308 1428 ex
331 1382 466 1428 summo
493 1381 664 1429 consensu
697 1365 907 1446 scriptorum
939 1364 975 1426 in
1008 1362 1212 1426 enarrandis

23 1473 39 1518 s
63 1455 146 1536 ipsis
170 1453 485 1536 sollicitationibus,
516 1453 639 1536 quibus
662 1453 749 1518 fides
774 1456 808 1517 et
832 1452 998 1534 pudicitia
1022 1452 1214 1515 amantium

25 1546 153 1624 utatur,
185 1543 222 1606 id
245 1542 337 1624 quod
360 1560 614 1623 saepenumero
638 1543 714 1606 fieri
736 1543 772 1606 in
796 1560 837 1607 eo
860 1559 991 1623 genere
1014 1541 1213 1605 fabularum

24 1635 264 1696 ›nsentaneum
296 1634 358 1696 est.
409 1631 453 1696 Et
485 1632 514 1695 is
548 1649 738 1696 consensus
772 1631 912 1713 quidem
948 1629 1117 1694 eiusmodi
1149 1633 1212 1712 est,

24 1767 25 1780 ,
48 1721 255 1785 Heliodorus
278 1724 415 1784 tantum
439 1739 508 1784 non
540 1721 633 1785 omni
664 1739 709 1784 ex
743 1723 844 1802 parte
876 1737 955 1783 cum
978 1717 1212 1800 Xenophonte

24 1815 168 1891 ›ngruat,
195 1827 274 1873 cum
289 1810 443 1873 Achilles
457 1810 577 1873 Tatius
594 1813 629 1874 et
646 1808 813 1874 Chariton
828 1808 919 1872 inter
936 1827 974 1872 se
991 1808 1211 1889 aliquatenus

24 1899 245 1962 insentientes
270 1917 292 1961 a
315 1898 450 1962 Nostris
474 1899 620 1963 multum
638 1898 808 1963 differant.
834 1896 931 1961 —Ut
956 1915 1061 1960 unum
1085 1897 1210 1960 saltem

24 2006 101 2051 cum
112 2006 157 2050 ex
169 1987 236 2051 illis
248 1987 402 2068 exempli
413 1988 528 2068 gratia
538 2006 725 2070 apponam,
740 1985 834 2069 apud
847 1985 1069 2051 Charitonem
1087 1985 1210 2067 oratio,

24 2095 59 2139 ra
84 2075 261 2140 eunuchus
287 2073 504 2140 Callirrhoen
527 2077 602 2158 regi
624 2077 811 2141 Persarum
836 2074 1024 2139 conciliare
1057 2078 1212 2140 conatur.

24 2184 38 2249 s
70 2164 189 2229 verbis
219 2165 358 2245 incipit:
391 2163 493 2229 Char.
525 2158 706 2248 pagssllss,
733 2165 782 2230 15.
818 2157 967 2248 μεγάλων
998 2159 1156 2249 ἀγαθῶν,
1189 2154 1213 2228 ὦ

26 2272 92 2326 ναι,
116 2252 292 2335 θησαυρόν
308 2269 358 2313 σοι
372 2242 541 2332 νενόμικα·
567 2249 604 2316 ori
624 2251 658 2316 δὲ
671 2244 852 2336 μνημόνενέ
865 2274 930 2336 μου
949 2253 1008 2331 τῆς
1023 2245 1212 2339 εὐεργεσίας,

24 2337 178 2433 γάρνστον
199 2336 262 2429 γαρ
285 2338 368 2409 εἶναι’
388 2365 423 2410 σε
445 2338 585 2410 πιστεύω
609 2396 616 2411 .
641 2395 647 2408 .
672 2398 677 2410 .

143 2488 245 2570 Apud
268 2487 439 2554 Achillem
464 2489 602 2554 Tatium
627 2493 745 2554 autem
769 2490 972 2572 Sosthenes,
998 2490 1211 2555 Thersandri

23 2577 132 2659 iliona,
151 2578 276 2642 eodem
291 2578 426 2642 lenonis
442 2597 587 2644 munere
603 2580 751 2660 fungens
767 2580 970 2661 Leucippen
994 2580 1045 2643 sic
1068 2579 1210 2661 alloqui-

24 2683 58 2729 1‘:
82 2666 167 2730 Ach.
192 2667 269 2730 Tar.
293 2685 373 2748 pag.
401 2667 472 2743 158,
498 2668 550 2732 28.
575 2658 642 2744 ἥκω
681 2684 734 2729 σοι
767 2669 876 2754 (γέρων
913 2656 1018 2750 σωρόν
1057 2659 1212 2748 ἀγαθῶν,

24 2743 50 2814 ,λ’
78 2744 164 2827 ὅπως
186 2746 393 2837 εὐτυχήσασιν
414 2749 459 2836 μὴ
483 2748 619 2844 ἐπιλήσῃ
640 2779 713 2839 μου.

144 2895 190 2960 Ut
213 2916 299 2962 vero
324 2901 424 2962 tanta
447 2900 633 2964 similitudo
659 2901 868 2964 concludere
894 2918 958 2963 nos
985 2899 1077 2981 cogit
1099 2899 1210 2963 imita-

24 3001 115 3048 ›nem
125 2983 182 3049 hic
193 2987 348 3069 subesse,
362 2987 411 3051 ita
427 2989 535 3052 multo
549 2990 655 3052 etiarn
667 2990 861 3054 evidentior
870 3006 1061 3053 consensus
1071 2987 1212 3069 Ephesii

44 3072 208 3138 Emeseni
230 3094 295 3139 nos
318 3077 459 3159 invitat,
491 3081 528 3140 ut
551 3077 775 3160 inquiramus,
808 3083 885 3142 nter
917 3082 1033 3141 utrum
1057 3077 1211 3142 imitatus

24 3183 35 3226 ι.
86 3160 313 3228 Consentiunt
338 3169 455 3228 autem
480 3166 633 3230 maxime
658 3185 715 3248 eo,
745 3167 838 3249 quod
862 3171 1021 3250 uterque,
1047 3184 1114 3248 quo
1139 3185 1210 3231 ma-

24 3269 55 3316 re
80 3252 186 3316 animi
210 3254 330 3318 dolore
360 3257 520 3318 amantes
551 3255 812 3338 excrucientur,
846 3274 966 3321 coram
998 3259 1119 3319 amata
1150 3274 1210 3320 eos

24 3341 66 3404 cit
90 3342 134 3405 ab
160 3343 230 3406 alia
253 3343 384 3407 femina
414 3344 486 3425 peti
517 3347 622 3425 atque
655 3345 853 3428 sollicitari,
889 3350 924 3410 et
947 3344 1040 3428 quod
1063 3348 1211 3427 utraque

24 3429 100 3493 iella
122 3450 245 3513 parem
270 3435 305 3495 et
329 3433 478 3496 eandem
502 3451 587 3515 prae
619 3452 658 3497 se
686 3435 753 3498 t'ert
786 3434 893 3498 animi
922 3434 1207 3518 magnitudinem,

44 3525 170 3596 parata
193 3522 238 3585 sit
261 3522 320 3585 vel
345 3522 474 3585 amoris
490 3523 662 3586 iacturam
679 3524 808 3604 facere,
835 3524 1021 3588 dummodo
1040 3525 1095 3588 vir
1111 3542 1206 3588 ama-

24 3620 38 3665 s
54 3604 235 3674 incolumis
252 3614 424 3691 servetur,
442 3629 555 3691 neque
572 3615 691 3675 tamen
708 3613 918 3676 amatoriam
936 3613 1208 3679 aemulationem

24 3691 121 3755 nitus
145 3714 274 3763 exuere
297 3703 423 3781 potest.
471 3699 572 3776 (Xen.
590 3719 669 3782 pag.
687 3700 762 3783 348,
780 3701 821 3763 ai
840 3719 889 3783 sq.
930 3700 1004 3784 349,
1032 3703 1072 3766 14
1096 3721 1147 3785 sq.
1166 3742 1208 3753 -

24 3780 120 3846 aliod.
145 3800 225 3866 pag.
249 3787 449 3867 acl-207.)

142 3921 220 4005 Qua
243 3927 278 3990 in
301 3946 339 3992 re
362 3930 604 4013 Xenophontis
628 3933 781 3997 narratIo
806 3936 842 3997 et
865 3933 1050 3998 suavitatis
1068 3938 1102 3999 et
1118 3937 1208 4000 veri-

24 4013 62 4077 tis
95 4014 200 4080 laude
231 4016 337 4098 digna
369 4037 447 4084 esse
481 4020 628 4085 videtur.
684 4021 787 4104 Apud
820 4041 900 4087 eum
932 4023 1023 4087 enim
1054 4024 1208 4106 Mantho,

24 4121 101 4168 rore
124 4104 248 4171 insano
272 4105 503 4174 Habrocomis
526 4111 690 4194 flagrans,
723 4111 820 4193 ipsos
845 4112 1051 4175 amantium
1064 4112 1236 4169 ”imm

24 4191 133 4276 hibet,
151 4212 298 4276 quorum
315 4214 425 4280 opera
443 4198 683 4283 cupiditatem
696 4201 865 4284 expleat.
889 4197 963 4259 hm
973 4192 1115 4275 smnus
1126 4187 1273 4263 azera„

24 4280 33 4348 i
53 4280 175 4356 Rhode
198 4304 331 4362 nomen
348 4290 415 4381 est,
444 4291 491 4363 ab
509 4291 616 4366 tutto
634 4290 822 4383 desperat
846 4261 1296 4351 summasunmna-³³
