<?xml version="1.0" encoding="UTF-8"?>
<!DOCTYPE html PUBLIC "-//W3C//DTD XHTML 1.0 Transitional//EN"
    "http://www.w3.org/TR/xhtml1/DTD/xhtml1-transitional.dtd">
<html xmlns="http://www.w3.org/1999/xhtml" xml:lang="en" lang="en">
 <head>
  <title>
</title>
<meta http-equiv="Content-Type" content="text/html;charset=utf-8" />
  <meta name='ocr-system' content='tesseract 3.04.00' />
  <meta name='ocr-capabilities' content='ocr_page ocr_carea ocr_par ocr_line ocrx_word'/>
</head>
<body>
  <div class='ocr_page' id='page_1' title='image "./deimitationisra00schngoog_0032.png"; bbox 0 0 2784 4456; ppageno 0'>
   <div class='ocr_carea' id='block_1_1' title="bbox 615 103 774 204">
    <p class='ocr_par' dir='ltr' id='par_1_1' title="bbox 615 103 774 204">
     <span class='ocr_line' id='line_1_1' title="bbox 615 103 774 204; baseline 0.006 -38"><span class='ocrx_word' id='word_1_1' title='bbox 615 103 774 204; x_wconf 46' lang='lat'>„21-</span> 
     </span>
    </p>
   </div>
   <div class='ocr_carea' id='block_1_2' title="bbox 63 295 1372 2232">
    <p class='ocr_par' dir='ltr' id='par_1_2' title="bbox 63 295 1372 2232">
     <span class='ocr_line' id='line_1_2' title="bbox 145 295 1305 379; baseline -0.003 -18"><span class='ocrx_word' id='word_1_2' title='bbox 145 308 146 313; x_wconf 76' lang='grc'>’</span> <span class='ocrx_word' id='word_1_3' title='bbox 239 296 330 378; x_wconf 80' lang='lat' dir='ltr'>Quid</span> <span class='ocrx_word' id='word_1_4' title='bbox 347 296 543 361; x_wconf 87' lang='lat' dir='ltr'>evidentius</span> <span class='ocrx_word' id='word_1_5' title='bbox 561 300 623 376; x_wconf 88' lang='lat' dir='ltr'>est,</span> <span class='ocrx_word' id='word_1_6' title='bbox 649 315 755 379; x_wconf 90' lang='lat' dir='ltr'>quarn</span> <span class='ocrx_word' id='word_1_7' title='bbox 775 298 924 361; x_wconf 87' lang='lat' dir='ltr'>alterurn</span> <span class='ocrx_word' id='word_1_8' title='bbox 941 297 1084 360; x_wconf 88' lang='lat' dir='ltr'>alterius</span> <span class='ocrx_word' id='word_1_9' title='bbox 1102 295 1305 376; x_wconf 83' lang='lat' dir='ltr'>exemplum</span> 
     </span>
     <span class='ocr_line' id='line_1_3' title="bbox 76 384 1303 467; baseline -0.003 -16"><span class='ocrx_word' id='word_1_10' title='bbox 76 390 236 452; x_wconf 90' lang='lat' dir='ltr'>secutum</span> <span class='ocrx_word' id='word_1_11' title='bbox 259 404 337 451; x_wconf 90' lang='lat' dir='ltr'>esse</span> <span class='ocrx_word' id='word_1_12' title='bbox 360 387 396 450; x_wconf 93' lang='lat' dir='ltr'>in</span> <span class='ocrx_word' id='word_1_13' title='bbox 420 404 471 466; x_wconf 91' lang='lat' dir='ltr'>eo,</span> <span class='ocrx_word' id='word_1_14' title='bbox 498 384 589 467; x_wconf 90' lang='lat' dir='ltr'>quod</span> <span class='ocrx_word' id='word_1_15' title='bbox 612 390 800 467; x_wconf 82' lang='lat' dir='ltr'>praesente</span> <span class='ocrx_word' id='word_1_16' title='bbox 833 389 952 450; x_wconf 87' lang='lat' dir='ltr'>amata</span> <span class='ocrx_word' id='word_1_17' title='bbox 982 389 1016 450; x_wconf 92' lang='lat' dir='ltr'>et</span> <span class='ocrx_word' id='word_1_18' title='bbox 1049 386 1177 467; x_wconf 90' lang='lat' dir='ltr'>petitur</span> <span class='ocrx_word' id='word_1_19' title='bbox 1212 387 1303 448; x_wconf 90' lang='lat' dir='ltr'>uter-</span> 
     </span>
     <span class='ocr_line' id='line_1_4' title="bbox 77 474 1304 559; baseline -0.002 -18"><span class='ocrx_word' id='word_1_20' title='bbox 77 494 145 559; x_wconf 89' lang='lat' dir='ltr'>que</span> <span class='ocrx_word' id='word_1_21' title='bbox 177 494 300 540; x_wconf 89' lang='lat' dir='ltr'>amans</span> <span class='ocrx_word' id='word_1_22' title='bbox 336 476 380 539; x_wconf 92' lang='lat' dir='ltr'>ab</span> <span class='ocrx_word' id='word_1_23' title='bbox 413 476 483 538; x_wconf 91' lang='lat' dir='ltr'>alia</span> <span class='ocrx_word' id='word_1_24' title='bbox 516 475 646 543; x_wconf 84' lang='lat' dir='ltr'>femina</span> <span class='ocrx_word' id='word_1_25' title='bbox 675 478 709 539; x_wconf 91' lang='lat' dir='ltr'>et</span> <span class='ocrx_word' id='word_1_26' title='bbox 734 475 911 557; x_wconf 89' lang='lat' dir='ltr'>utriusque</span> <span class='ocrx_word' id='word_1_27' title='bbox 935 475 1021 540; x_wconf 87' lang='lat' dir='ltr'>fides</span> <span class='ocrx_word' id='word_1_28' title='bbox 1045 477 1080 538; x_wconf 93' lang='lat' dir='ltr'>et</span> <span class='ocrx_word' id='word_1_29' title='bbox 1105 474 1304 538; x_wconf 87' lang='lat' dir='ltr'>constantia</span> 
     </span>
     <span class='ocr_line' id='line_1_5' title="bbox 76 562 1302 648; baseline -0.004 -18"><span class='ocrx_word' id='word_1_30' title='bbox 76 568 265 648; x_wconf 88' lang='lat' dir='ltr'>spectatur,</span> <span class='ocrx_word' id='word_1_31' title='bbox 289 564 499 647; x_wconf 90' lang='lat' dir='ltr'>praesertim</span> <span class='ocrx_word' id='word_1_32' title='bbox 523 580 602 627; x_wconf 85' lang='lat' dir='ltr'>cum</span> <span class='ocrx_word' id='word_1_33' title='bbox 627 566 824 628; x_wconf 90' lang='lat' dir='ltr'>ceterorum</span> <span class='ocrx_word' id='word_1_34' title='bbox 841 565 1053 629; x_wconf 77' lang='lat' dir='ltr'>ereticorum</span> <span class='ocrx_word' id='word_1_35' title='bbox 1069 582 1172 627; x_wconf 89' lang='lat' dir='ltr'>nemo</span> <span class='ocrx_word' id='word_1_36' title='bbox 1189 562 1302 626; x_wconf 90' lang='lat' dir='ltr'>simile</span> 
     </span>
     <span class='ocr_line' id='line_1_6' title="bbox 76 650 1299 739; baseline -0.005 -19"><span class='ocrx_word' id='word_1_37' title='bbox 76 655 264 739; x_wconf 84' lang='lat' dir='ltr'>quidquam</span> <span class='ocrx_word' id='word_1_38' title='bbox 286 652 490 735; x_wconf 82' lang='lat' dir='ltr'>scripserit?</span> <span class='ocrx_word' id='word_1_39' title='bbox 524 650 615 733; x_wconf 77' lang='lat' dir='ltr'>Quid</span> <span class='ocrx_word' id='word_1_40' title='bbox 638 656 756 717; x_wconf 89' lang='lat' dir='ltr'>autem</span> <span class='ocrx_word' id='word_1_41' title='bbox 779 656 853 717; x_wconf 92' lang='lat' dir='ltr'>tam</span> <span class='ocrx_word' id='word_1_42' title='bbox 869 656 1040 735; x_wconf 88' lang='lat' dir='ltr'>apertum,</span> <span class='ocrx_word' id='word_1_43' title='bbox 1066 671 1170 735; x_wconf 92' lang='lat' dir='ltr'>quam</span> <span class='ocrx_word' id='word_1_44' title='bbox 1188 651 1299 732; x_wconf 78' lang='lat' dir='ltr'>Ephe-</span> 
     </span>
     <span class='ocr_line' id='line_1_7' title="bbox 76 741 1304 824; baseline -0.004 -16"><span class='ocrx_word' id='word_1_45' title='bbox 76 744 164 808; x_wconf 94' lang='lat' dir='ltr'>sium</span> <span class='ocrx_word' id='word_1_46' title='bbox 187 741 249 808; x_wconf 80' lang='lat' dir='ltr'>vix</span> <span class='ocrx_word' id='word_1_47' title='bbox 267 761 286 807; x_wconf 91' lang='lat' dir='ltr'>e</span> <span class='ocrx_word' id='word_1_48' title='bbox 302 742 490 824; x_wconf 87' lang='lat' dir='ltr'>longinquo</span> <span class='ocrx_word' id='word_1_49' title='bbox 508 741 649 823; x_wconf 88' lang='lat' dir='ltr'>vidisse,</span> <span class='ocrx_word' id='word_1_50' title='bbox 675 743 854 823; x_wconf 82' lang='lat' dir='ltr'>egregiam</span> <span class='ocrx_word' id='word_1_51' title='bbox 878 742 970 806; x_wconf 91' lang='lat' dir='ltr'>hanc</span> <span class='ocrx_word' id='word_1_52' title='bbox 986 760 1063 806; x_wconf 90' lang='lat' dir='ltr'>esse</span> <span class='ocrx_word' id='word_1_53' title='bbox 1081 741 1304 805; x_wconf 81' lang='lat' dir='ltr'>occasionem</span> 
     </span>
     <span class='ocr_line' id='line_1_8' title="bbox 75 829 1300 915; baseline -0.005 -17"><span class='ocrx_word' id='word_1_54' title='bbox 75 832 310 915; x_wconf 84' lang='lat' dir='ltr'>eloquentiam</span> <span class='ocrx_word' id='word_1_55' title='bbox 342 830 530 895; x_wconf 85' lang='lat' dir='ltr'>exercendi</span> <span class='ocrx_word' id='word_1_56' title='bbox 560 833 595 894; x_wconf 93' lang='lat' dir='ltr'>et</span> <span class='ocrx_word' id='word_1_57' title='bbox 619 835 830 912; x_wconf 88' lang='lat' dir='ltr'>apparatum</span> <span class='ocrx_word' id='word_1_58' title='bbox 853 831 938 895; x_wconf 91' lang='lat' dir='ltr'>artis</span> <span class='ocrx_word' id='word_1_59' title='bbox 961 829 1159 894; x_wconf 82' lang='lat' dir='ltr'>rhetoricae</span> <span class='ocrx_word' id='word_1_60' title='bbox 1187 832 1300 893; x_wconf 92' lang='lat' dir='ltr'>osten·</span> 
     </span>
     <span class='ocr_line' id='line_1_9' title="bbox 74 920 1302 1002; baseline -0.004 -15"><span class='ocrx_word' id='word_1_61' title='bbox 74 921 204 987; x_wconf 85' lang='lat' dir='ltr'>tandi?</span> <span class='ocrx_word' id='word_1_62' title='bbox 273 920 394 1002; x_wconf 87' lang='lat' dir='ltr'>Neque</span> <span class='ocrx_word' id='word_1_63' title='bbox 448 923 568 984; x_wconf 92' lang='lat' dir='ltr'>tamen</span> <span class='ocrx_word' id='word_1_64' title='bbox 627 921 788 1001; x_wconf 88' lang='lat' dir='ltr'>cuiquam</span> <span class='ocrx_word' id='word_1_65' title='bbox 842 921 983 984; x_wconf 90' lang='lat' dir='ltr'>dubium</span> <span class='ocrx_word' id='word_1_66' title='bbox 1037 937 1115 983; x_wconf 86' lang='lat' dir='ltr'>esse</span> <span class='ocrx_word' id='word_1_67' title='bbox 1168 921 1302 1000; x_wconf 92' lang='lat' dir='ltr'>potest,</span> 
     </span>
     <span class='ocr_line' id='line_1_10' title="bbox 73 1007 1303 1095; baseline -0.002 -20"><span class='ocrx_word' id='word_1_68' title='bbox 73 1013 171 1095; x_wconf 92' lang='lat' dir='ltr'>quin,</span> <span class='ocrx_word' id='word_1_69' title='bbox 203 1009 342 1092; x_wconf 86' lang='lat' dir='ltr'>qamvis</span> <span class='ocrx_word' id='word_1_70' title='bbox 373 1008 558 1073; x_wconf 91' lang='lat' dir='ltr'>mediocris</span> <span class='ocrx_word' id='word_1_71' title='bbox 592 1010 742 1091; x_wconf 88' lang='lat' dir='ltr'>scriptor</span> <span class='ocrx_word' id='word_1_72' title='bbox 774 1010 849 1090; x_wconf 91' lang='lat' dir='ltr'>ipse</span> <span class='ocrx_word' id='word_1_73' title='bbox 882 1010 941 1090; x_wconf 91' lang='lat' dir='ltr'>sit,</span> <span class='ocrx_word' id='word_1_74' title='bbox 979 1008 1206 1076; x_wconf 89' lang='lat' dir='ltr'>Heliodorum</span> <span class='ocrx_word' id='word_1_75' title='bbox 1235 1007 1303 1072; x_wconf 92' lang='lat' dir='ltr'>hoc</span> 
     </span>
     <span class='ocr_line' id='line_1_11' title="bbox 71 1093 1298 1180; baseline -0.003 -16"><span class='ocrx_word' id='word_1_76' title='bbox 71 1101 151 1164; x_wconf 92' lang='lat' dir='ltr'>loco</span> <span class='ocrx_word' id='word_1_77' title='bbox 175 1100 281 1180; x_wconf 88' lang='lat' dir='ltr'>longe</span> <span class='ocrx_word' id='word_1_78' title='bbox 304 1099 477 1180; x_wconf 82' lang='lat' dir='ltr'>longeque</span> <span class='ocrx_word' id='word_1_79' title='bbox 501 1099 731 1179; x_wconf 86' lang='lat' dir='ltr'>superaverit.</span> <span class='ocrx_word' id='word_1_80' title='bbox 763 1096 867 1162; x_wconf 91' lang='lat' dir='ltr'>Nulla</span> <span class='ocrx_word' id='word_1_81' title='bbox 890 1096 1031 1179; x_wconf 85' lang='lat' dir='ltr'>quidem</span> <span class='ocrx_word' id='word_1_82' title='bbox 1055 1093 1298 1161; x_wconf 89' lang='lat' dir='ltr'>aemulationis</span> 
     </span>
     <span class='ocr_line' id='line_1_12' title="bbox 73 1174 1301 1272; baseline -0.002 -20"><span class='ocrx_word' id='word_1_83' title='bbox 73 1186 270 1252; x_wconf 88' lang='lat' dir='ltr'>amatoriae</span> <span class='ocrx_word' id='word_1_84' title='bbox 292 1187 421 1251; x_wconf 91' lang='lat' dir='ltr'>mentio</span> <span class='ocrx_word' id='word_1_85' title='bbox 446 1186 540 1267; x_wconf 90' lang='lat' dir='ltr'>apud</span> <span class='ocrx_word' id='word_1_86' title='bbox 563 1204 643 1250; x_wconf 89' lang='lat' dir='ltr'>eum</span> <span class='ocrx_word' id='word_1_87' title='bbox 666 1187 718 1255; x_wconf 84' lang='lat' dir='ltr'>fit.</span> <span class='ocrx_word' id='word_1_88' title='bbox 753 1188 816 1251; x_wconf 90' lang='lat' dir='ltr'>sed</span> <span class='ocrx_word' id='word_1_89' title='bbox 838 1187 923 1250; x_wconf 91' lang='lat' dir='ltr'>illud</span> <span class='ocrx_word' id='word_1_90' title='bbox 946 1174 1055 1272; x_wconf 67' lang='lat' dir='ltr'>„adyti</span> <span class='ocrx_word' id='word_1_91' title='bbox 1084 1181 1161 1261; x_wconf 81' lang='grc' dir='ltr'><em>ὑμῖν</em></span> <span class='ocrx_word' id='word_1_92' title='bbox 1187 1175 1301 1269; x_wconf 70' lang='grc' dir='ltr'><strong><em>ἄπειμι</em></strong></span> 
     </span>
     <span class='ocr_line' id='line_1_13' title="bbox 73 1269 1298 1359; baseline -0.001 -19"><span class='ocrx_word' id='word_1_93' title='bbox 73 1269 239 1341; x_wconf 61' lang='grc' dir='ltr'>ἐκποδών·</span> <span class='ocrx_word' id='word_1_94' title='bbox 268 1294 384 1341; x_wconf 87' lang='lat' dir='ltr'>nonne</span> <span class='ocrx_word' id='word_1_95' title='bbox 416 1275 501 1339; x_wconf 91' lang='lat' dir='ltr'>satis</span> <span class='ocrx_word' id='word_1_96' title='bbox 533 1275 702 1359; x_wconf 82' lang='lat' dir='ltr'>declarat,</span> <span class='ocrx_word' id='word_1_97' title='bbox 736 1295 840 1359; x_wconf 91' lang='lat' dir='ltr'>quam</span> <span class='ocrx_word' id='word_1_98' title='bbox 865 1277 1002 1340; x_wconf 89' lang='lat' dir='ltr'>acerbis</span> <span class='ocrx_word' id='word_1_99' title='bbox 1027 1277 1156 1343; x_wconf 89' lang='lat' dir='ltr'>amoris</span> <span class='ocrx_word' id='word_1_100' title='bbox 1181 1277 1298 1339; x_wconf 89' lang='lat' dir='ltr'>stimu-</span> 
     </span>
     <span class='ocr_line' id='line_1_14' title="bbox 72 1362 1299 1448; baseline -0.001 -19"><span class='ocrx_word' id='word_1_101' title='bbox 72 1367 115 1430; x_wconf 86' lang='lat' dir='ltr'>lis</span> <span class='ocrx_word' id='word_1_102' title='bbox 139 1367 267 1431; x_wconf 85' lang='lat' dir='ltr'>misera</span> <span class='ocrx_word' id='word_1_103' title='bbox 295 1365 427 1430; x_wconf 86' lang='lat' dir='ltr'>femina</span> <span class='ocrx_word' id='word_1_104' title='bbox 451 1364 696 1429; x_wconf 71' lang='lat' dir='ltr'>excrucietur?</span> <span class='ocrx_word' id='word_1_105' title='bbox 743 1363 873 1430; x_wconf 76' lang='lat' dir='ltr'>Contra</span> <span class='ocrx_word' id='word_1_106' title='bbox 901 1384 1007 1448; x_wconf 88' lang='lat' dir='ltr'>quarn</span> <span class='ocrx_word' id='word_1_107' title='bbox 1037 1367 1155 1446; x_wconf 89' lang='lat' dir='ltr'>inepte</span> <span class='ocrx_word' id='word_1_108' title='bbox 1181 1362 1299 1429; x_wconf 79' lang='lat' dir='ltr'>Chari-</span> 
     </span>
     <span class='ocr_line' id='line_1_15' title="bbox 73 1454 1299 1536; baseline -0.002 -16"><span class='ocrx_word' id='word_1_109' title='bbox 73 1456 151 1520; x_wconf 87' lang='lat' dir='ltr'>clea</span> <span class='ocrx_word' id='word_1_110' title='bbox 172 1454 384 1520; x_wconf 87' lang='lat' dir='ltr'>Heliodorea</span> <span class='ocrx_word' id='word_1_111' title='bbox 407 1454 568 1535; x_wconf 90' lang='lat' dir='ltr'>loquitur,</span> <span class='ocrx_word' id='word_1_112' title='bbox 599 1472 704 1535; x_wconf 88' lang='lat' dir='ltr'>quam</span> <span class='ocrx_word' id='word_1_113' title='bbox 732 1455 879 1536; x_wconf 88' lang='lat' dir='ltr'>turpiter</span> <span class='ocrx_word' id='word_1_114' title='bbox 904 1455 1155 1519; x_wconf 87' lang='lat' dir='ltr'>verecundiam</span> <span class='ocrx_word' id='word_1_115' title='bbox 1180 1454 1299 1517; x_wconf 93' lang='lat' dir='ltr'>mulie-</span> 
     </span>
     <span class='ocr_line' id='line_1_16' title="bbox 71 1542 1295 1626; baseline -0.002 -17"><span class='ocrx_word' id='word_1_116' title='bbox 71 1545 171 1609; x_wconf 92' lang='lat' dir='ltr'>brem</span> <span class='ocrx_word' id='word_1_117' title='bbox 195 1543 346 1626; x_wconf 87' lang='lat' dir='ltr'>deponit,</span> <span class='ocrx_word' id='word_1_118' title='bbox 371 1561 476 1625; x_wconf 86' lang='lat' dir='ltr'>quam</span> <span class='ocrx_word' id='word_1_119' title='bbox 492 1543 621 1606; x_wconf 90' lang='lat' dir='ltr'>rustice</span> <span class='ocrx_word' id='word_1_120' title='bbox 640 1562 724 1607; x_wconf 89' lang='lat' dir='ltr'>vero</span> <span class='ocrx_word' id='word_1_121' title='bbox 742 1542 949 1624; x_wconf 76' lang='lat' dir='ltr'>Theogenes</span> <span class='ocrx_word' id='word_1_122' title='bbox 974 1544 1006 1607; x_wconf 90' lang='lat' dir='ltr'>ei</span> <span class='ocrx_word' id='word_1_123' title='bbox 1021 1543 1295 1608; x_wconf 86' lang='lat' dir='ltr'>aemulationem</span> 
     </span>
     <span class='ocr_line' id='line_1_17' title="bbox 72 1631 1294 1716; baseline -0.002 -19"><span class='ocrx_word' id='word_1_124' title='bbox 72 1635 273 1716; x_wconf 87' lang='lat' dir='ltr'>exprobrat.</span> <span class='ocrx_word' id='word_1_125' title='bbox 313 1631 364 1696; x_wconf 92' lang='lat' dir='ltr'>Ne</span> <span class='ocrx_word' id='word_1_126' title='bbox 388 1632 637 1696; x_wconf 90' lang='lat' dir='ltr'>obscaenitatis</span> <span class='ocrx_word' id='word_1_127' title='bbox 662 1632 801 1714; x_wconf 90' lang='lat' dir='ltr'>quidem</span> <span class='ocrx_word' id='word_1_128' title='bbox 826 1632 969 1696; x_wconf 92' lang='lat' dir='ltr'>crimine</span> <span class='ocrx_word' id='word_1_129' title='bbox 994 1633 1203 1714; x_wconf 90' lang='lat' dir='ltr'>scriptorem</span> <span class='ocrx_word' id='word_1_130' title='bbox 1225 1632 1294 1696; x_wconf 92' lang='lat' dir='ltr'>hoc</span> 
     </span>
     <span class='ocr_line' id='line_1_18' title="bbox 69 1720 1372 1815; baseline -0.002 -28"><span class='ocrx_word' id='word_1_131' title='bbox 69 1723 146 1788; x_wconf 92' lang='lat' dir='ltr'>loco</span> <span class='ocrx_word' id='word_1_132' title='bbox 176 1723 283 1805; x_wconf 89' lang='lat' dir='ltr'>plane</span> <span class='ocrx_word' id='word_1_133' title='bbox 315 1739 436 1786; x_wconf 87' lang='lat' dir='ltr'>carere</span> <span class='ocrx_word' id='word_1_134' title='bbox 470 1721 633 1800; x_wconf 90' lang='lat' dir='ltr'>arbitror,</span> <span class='ocrx_word' id='word_1_135' title='bbox 665 1720 758 1803; x_wconf 94' lang='lat' dir='ltr'>quod</span> <span class='ocrx_word' id='word_1_136' title='bbox 791 1723 993 1803; x_wconf 89' lang='lat' dir='ltr'>ceteroquin</span> <span class='ocrx_word' id='word_1_137' title='bbox 1026 1741 1106 1786; x_wconf 91' lang='lat' dir='ltr'>eum</span> <span class='ocrx_word' id='word_1_138' title='bbox 1138 1721 1293 1803; x_wconf 86' lang='lat' dir='ltr'>effugere</span> <span class='ocrx_word' id='word_1_139' title='bbox 1367 1798 1372 1815; x_wconf 36' lang='grc'>1</span> 
     </span>
     <span class='ocr_line' id='line_1_19' title="bbox 70 1809 1293 1892; baseline -0.002 -16"><span class='ocrx_word' id='word_1_140' title='bbox 70 1813 190 1876; x_wconf 88' lang='lat' dir='ltr'>conari</span> <span class='ocrx_word' id='word_1_141' title='bbox 211 1812 301 1876; x_wconf 90' lang='lat' dir='ltr'>inter</span> <span class='ocrx_word' id='word_1_142' title='bbox 324 1829 445 1874; x_wconf 89' lang='lat' dir='ltr'>omnes</span> <span class='ocrx_word' id='word_1_143' title='bbox 471 1812 617 1873; x_wconf 89' lang='lat' dir='ltr'>constat.</span> <span class='ocrx_word' id='word_1_144' title='bbox 662 1809 706 1874; x_wconf 94' lang='lat' dir='ltr'>Ut</span> <span class='ocrx_word' id='word_1_145' title='bbox 729 1809 831 1874; x_wconf 88' lang='lat' dir='ltr'>brevi</span> <span class='ocrx_word' id='word_1_146' title='bbox 854 1811 1068 1892; x_wconf 88' lang='lat' dir='ltr'>praecidam,</span> <span class='ocrx_word' id='word_1_147' title='bbox 1094 1811 1123 1874; x_wconf 88' lang='lat' dir='ltr'>si</span> <span class='ocrx_word' id='word_1_148' title='bbox 1145 1810 1293 1874; x_wconf 88' lang='lat' dir='ltr'>imitatio</span> 
     </span>
     <span class='ocr_line' id='line_1_20' title="bbox 68 1898 1295 1982; baseline -0.002 -17"><span class='ocrx_word' id='word_1_149' title='bbox 68 1901 207 1965; x_wconf 90' lang='lat' dir='ltr'>omnino</span> <span class='ocrx_word' id='word_1_150' title='bbox 230 1901 359 1980; x_wconf 89' lang='lat' dir='ltr'>subest,</span> <span class='ocrx_word' id='word_1_151' title='bbox 383 1898 610 1964; x_wconf 90' lang='lat' dir='ltr'>Heliodorum</span> <span class='ocrx_word' id='word_1_152' title='bbox 630 1917 701 1962; x_wconf 92' lang='lat' dir='ltr'>non</span> <span class='ocrx_word' id='word_1_153' title='bbox 716 1899 819 1963; x_wconf 93' lang='lat' dir='ltr'>modo</span> <span class='ocrx_word' id='word_1_154' title='bbox 842 1899 1056 1964; x_wconf 90' lang='lat' dir='ltr'>imitatorem</span> <span class='ocrx_word' id='word_1_155' title='bbox 1072 1918 1160 1982; x_wconf 89' lang='lat' dir='ltr'>esse,</span> <span class='ocrx_word' id='word_1_156' title='bbox 1179 1900 1242 1964; x_wconf 91' lang='lat' dir='ltr'>sed</span> <span class='ocrx_word' id='word_1_157' title='bbox 1259 1899 1295 1963; x_wconf 92' lang='lat' dir='ltr'>in</span> 
     </span>
     <span class='ocr_line' id='line_1_21' title="bbox 64 1988 1297 2075; baseline 0 -23"><span class='ocrx_word' id='word_1_158' title='bbox 64 1990 233 2054; x_wconf 91' lang='lat' dir='ltr'>imitando</span> <span class='ocrx_word' id='word_1_159' title='bbox 257 1989 386 2052; x_wconf 91' lang='lat' dir='ltr'>misere</span> <span class='ocrx_word' id='word_1_160' title='bbox 410 1988 631 2069; x_wconf 88' lang='lat' dir='ltr'>naufragium</span> <span class='ocrx_word' id='word_1_161' title='bbox 655 1989 782 2052; x_wconf 89' lang='lat' dir='ltr'>fecisse</span> <span class='ocrx_word' id='word_1_162' title='bbox 806 1993 965 2075; x_wconf 86' lang='lat' dir='ltr'>apparet.</span> <span class='ocrx_word' id='word_1_163' title='bbox 999 1989 1150 2054; x_wconf 86' lang='lat' dir='ltr'>Subesse</span> <span class='ocrx_word' id='word_1_164' title='bbox 1175 1991 1297 2053; x_wconf 88' lang='lat' dir='ltr'>autem</span> 
     </span>
     <span class='ocr_line' id='line_1_22' title="bbox 63 2076 1295 2160; baseline 0 -19"><span class='ocrx_word' id='word_1_165' title='bbox 63 2079 295 2143; x_wconf 91' lang='lat' dir='ltr'>imitationem</span> <span class='ocrx_word' id='word_1_166' title='bbox 329 2079 441 2141; x_wconf 91' lang='lat' dir='ltr'>totum</span> <span class='ocrx_word' id='word_1_167' title='bbox 478 2076 546 2140; x_wconf 91' lang='lat' dir='ltr'>hoc</span> <span class='ocrx_word' id='word_1_168' title='bbox 579 2077 861 2141; x_wconf 86' lang='lat' dir='ltr'>sollicitationum</span> <span class='ocrx_word' id='word_1_169' title='bbox 894 2082 999 2160; x_wconf 92' lang='lat' dir='ltr'>caput</span> <span class='ocrx_word' id='word_1_170' title='bbox 1030 2079 1124 2160; x_wconf 88' lang='lat' dir='ltr'>apud</span> <span class='ocrx_word' id='word_1_171' title='bbox 1147 2078 1295 2142; x_wconf 92' lang='lat' dir='ltr'>Nostros</span> 
     </span>
     <span class='ocr_line' id='line_1_23' title="bbox 68 2166 367 2232; baseline -0.007 -2"><span class='ocrx_word' id='word_1_172' title='bbox 68 2166 278 2232; x_wconf 89' lang='lat' dir='ltr'>documento</span> <span class='ocrx_word' id='word_1_173' title='bbox 304 2168 367 2230; x_wconf 93' lang='lat' dir='ltr'>est.</span> 
     </span>
    </p>
   </div>
   <div class='ocr_carea' id='block_1_3' title="bbox 66 2305 1333 2837">
    <p class='ocr_par' dir='ltr' id='par_1_3' title="bbox 66 2305 1333 2837">
     <span class='ocr_line' id='line_1_24' title="bbox 225 2305 1296 2392; baseline 0.003 -21"><span class='ocrx_word' id='word_1_174' title='bbox 225 2307 386 2388; x_wconf 90' lang='lat' dir='ltr'>Namque</span> <span class='ocrx_word' id='word_1_175' title='bbox 420 2305 660 2370; x_wconf 90' lang='lat' dir='ltr'>Habrocomes</span> <span class='ocrx_word' id='word_1_176' title='bbox 697 2307 990 2390; x_wconf 90' lang='lat' dir='ltr'>Xenophonteus,</span> <span class='ocrx_word' id='word_1_177' title='bbox 1032 2313 1220 2392; x_wconf 91' lang='lat' dir='ltr'>postquam</span> <span class='ocrx_word' id='word_1_178' title='bbox 1260 2310 1296 2374; x_wconf 92' lang='lat' dir='ltr'>in</span> 
     </span>
     <span class='ocr_line' id='line_1_25' title="bbox 68 2395 1297 2480; baseline 0.004 -22"><span class='ocrx_word' id='word_1_179' title='bbox 68 2413 191 2461; x_wconf 90' lang='lat' dir='ltr'>manus</span> <span class='ocrx_word' id='word_1_180' title='bbox 224 2397 419 2479; x_wconf 90' lang='lat' dir='ltr'>piratarum</span> <span class='ocrx_word' id='word_1_181' title='bbox 452 2411 531 2458; x_wconf 90' lang='lat' dir='ltr'>cum</span> <span class='ocrx_word' id='word_1_182' title='bbox 554 2395 683 2460; x_wconf 81' lang='lat' dir='ltr'>Anthia</span> <span class='ocrx_word' id='word_1_183' title='bbox 710 2396 830 2460; x_wconf 92' lang='lat' dir='ltr'>incidit</span> <span class='ocrx_word' id='word_1_184' title='bbox 864 2400 956 2479; x_wconf 87' lang='lat' dir='ltr'>(pag.</span> <span class='ocrx_word' id='word_1_185' title='bbox 981 2397 1056 2480; x_wconf 80' lang='lat'>345,</span> <span class='ocrx_word' id='word_1_186' title='bbox 1084 2398 1124 2462; x_wconf 79' lang='lat'>16</span> <span class='ocrx_word' id='word_1_187' title='bbox 1149 2397 1215 2480; x_wconf 87' lang='lat' dir='ltr'>sq.)</span> <span class='ocrx_word' id='word_1_188' title='bbox 1253 2399 1297 2463; x_wconf 91' lang='lat' dir='ltr'>ab</span> 
     </span>
     <span class='ocr_line' id='line_1_26' title="bbox 68 2482 1333 2569; baseline 0.006 -23"><span class='ocrx_word' id='word_1_189' title='bbox 68 2482 203 2549; x_wconf 84' lang='lat' dir='ltr'>Euxino</span> <span class='ocrx_word' id='word_1_190' title='bbox 218 2487 336 2568; x_wconf 91' lang='lat' dir='ltr'>pirata</span> <span class='ocrx_word' id='word_1_191' title='bbox 352 2483 571 2566; x_wconf 89' lang='lat' dir='ltr'>sollicitatur,</span> <span class='ocrx_word' id='word_1_192' title='bbox 596 2489 634 2548; x_wconf 92' lang='lat' dir='ltr'>ut</span> <span class='ocrx_word' id='word_1_193' title='bbox 649 2487 742 2567; x_wconf 90' lang='lat' dir='ltr'>turpi</span> <span class='ocrx_word' id='word_1_194' title='bbox 759 2487 869 2549; x_wconf 90' lang='lat' dir='ltr'>amori</span> <span class='ocrx_word' id='word_1_195' title='bbox 884 2484 1052 2568; x_wconf 78' lang='lat' dir='ltr'>Corymbi</span> <span class='ocrx_word' id='word_1_196' title='bbox 1075 2488 1212 2569; x_wconf 88' lang='lat' dir='ltr'>piratae</span> <span class='ocrx_word' id='word_1_197' title='bbox 1237 2488 1296 2552; x_wconf 92' lang='lat' dir='ltr'>ob·</span> <span class='ocrx_word' id='word_1_198' title='bbox 1322 2516 1333 2539; x_wconf 64' lang='grc' dir='ltr'><strong><em>ο</em></strong></span> 
     </span>
     <span class='ocr_line' id='line_1_27' title="bbox 66 2571 1294 2658; baseline 0.003 -22"><span class='ocrx_word' id='word_1_199' title='bbox 66 2577 242 2656; x_wconf 89' lang='lat' dir='ltr'>sequatur,</span> <span class='ocrx_word' id='word_1_200' title='bbox 265 2590 454 2655; x_wconf 91' lang='lat' dir='ltr'>rursusque</span> <span class='ocrx_word' id='word_1_201' title='bbox 472 2571 668 2652; x_wconf 80' lang='lat' dir='ltr'>Corymbus</span> <span class='ocrx_word' id='word_1_202' title='bbox 684 2575 848 2639; x_wconf 87' lang='lat' dir='ltr'>Anthiam</span> <span class='ocrx_word' id='word_1_203' title='bbox 867 2575 1081 2658; x_wconf 86' lang='lat' dir='ltr'>adhortatur,</span> <span class='ocrx_word' id='word_1_204' title='bbox 1104 2595 1148 2640; x_wconf 94' lang='lat' dir='ltr'>ne</span> <span class='ocrx_word' id='word_1_205' title='bbox 1166 2577 1294 2641; x_wconf 84' lang='lat' dir='ltr'>Euxini</span> 
     </span>
     <span class='ocr_line' id='line_1_28' title="bbox 66 2661 1295 2746; baseline 0.005 -22"><span class='ocrx_word' id='word_1_206' title='bbox 66 2661 203 2725; x_wconf 88' lang='lat' dir='ltr'>libidini</span> <span class='ocrx_word' id='word_1_207' title='bbox 211 2663 359 2727; x_wconf 89' lang='lat' dir='ltr'>resistat.</span> <span class='ocrx_word' id='word_1_208' title='bbox 384 2661 467 2726; x_wconf 86' lang='lat' dir='ltr'>Eius</span> <span class='ocrx_word' id='word_1_209' title='bbox 476 2681 613 2744; x_wconf 91' lang='lat' dir='ltr'>quoque</span> <span class='ocrx_word' id='word_1_210' title='bbox 629 2664 794 2728; x_wconf 87' lang='lat' dir='ltr'>orationis</span> <span class='ocrx_word' id='word_1_211' title='bbox 808 2665 902 2746; x_wconf 90' lang='lat' dir='ltr'>apud</span> <span class='ocrx_word' id='word_1_212' title='bbox 909 2665 1134 2729; x_wconf 90' lang='lat' dir='ltr'>Heliodorum</span> <span class='ocrx_word' id='word_1_213' title='bbox 1146 2667 1295 2731; x_wconf 83' lang='lat' dir='ltr'>diversis</span> 
     </span>
     <span class='ocr_line' id='line_1_29' title="bbox 66 2750 1295 2837; baseline 0.005 -23"><span class='ocrx_word' id='word_1_214' title='bbox 66 2750 208 2834; x_wconf 92' lang='lat' dir='ltr'>quidem</span> <span class='ocrx_word' id='word_1_215' title='bbox 232 2751 317 2815; x_wconf 91' lang='lat' dir='ltr'>locis</span> <span class='ocrx_word' id='word_1_216' title='bbox 339 2751 403 2815; x_wconf 93' lang='lat' dir='ltr'>sed</span> <span class='ocrx_word' id='word_1_217' title='bbox 425 2751 608 2816; x_wconf 90' lang='lat' dir='ltr'>simillimis</span> <span class='ocrx_word' id='word_1_218' title='bbox 631 2753 667 2816; x_wconf 94' lang='lat' dir='ltr'>in</span> <span class='ocrx_word' id='word_1_219' title='bbox 689 2753 794 2817; x_wconf 89' lang='lat' dir='ltr'>rebus</span> <span class='ocrx_word' id='word_1_220' title='bbox 818 2755 1006 2818; x_wconf 89' lang='lat' dir='ltr'>manifesta</span> <span class='ocrx_word' id='word_1_221' title='bbox 1028 2756 1179 2837; x_wconf 86' lang='lat' dir='ltr'>vestigia</span> <span class='ocrx_word' id='word_1_222' title='bbox 1200 2759 1295 2820; x_wconf 91' lang='lat' dir='ltr'>sunt:</span> 
     </span>
    </p>
   </div>
   <div class='ocr_carea' id='block_1_4' title="bbox 237 2873 1294 3004">
    <p class='ocr_par' dir='ltr' id='par_1_4' title="bbox 237 2873 1294 3004">
     <span class='ocr_line' id='line_1_30' title="bbox 237 2873 1294 3004; baseline 0.008 -41"><span class='ocrx_word' id='word_1_223' title='bbox 237 2990 244 3004; x_wconf 98' lang='lat'>.</span> <span class='ocrx_word' id='word_1_224' title='bbox 280 2873 367 2964; x_wconf 90' lang='lat' dir='ltr'>Xen.</span> <span class='ocrx_word' id='word_1_225' title='bbox 400 2920 480 2983; x_wconf 85' lang='lat' dir='ltr'>pag.</span> <span class='ocrx_word' id='word_1_226' title='bbox 505 2902 581 2984; x_wconf 78' lang='lat'>345,</span> <span class='ocrx_word' id='word_1_227' title='bbox 606 2903 649 2966; x_wconf 79' lang='lat'>24</span> <span class='ocrx_word' id='word_1_228' title='bbox 682 2901 812 2986; x_wconf 87' lang='lat' dir='ltr'>(pirata</span> <span class='ocrx_word' id='word_1_229' title='bbox 835 2904 1049 2969; x_wconf 88' lang='lat' dir='ltr'>Habrocomi</span> <span class='ocrx_word' id='word_1_230' title='bbox 1082 2912 1184 2989; x_wconf 90' lang='lat' dir='ltr'>capto</span> <span class='ocrx_word' id='word_1_231' title='bbox 1216 2911 1294 2989; x_wconf 84' lang='lat' dir='ltr'>&#39;pro-</span> 
     </span>
    </p>
   </div>
   <div class='ocr_carea' id='block_1_5' title="bbox 155 2988 1169 3075">
    <p class='ocr_par' dir='ltr' id='par_1_5' title="bbox 155 2988 1169 3075">
     <span class='ocr_line' id='line_1_31' title="bbox 155 2988 1169 3075; baseline 0.008 -21"><span class='ocrx_word' id='word_1_232' title='bbox 155 2988 290 3074; x_wconf 62' lang='lat' dir='ltr'>mittit)</span> <span class='ocrx_word' id='word_1_233' title='bbox 312 2998 358 3056; x_wconf 75' lang='grc' dir='ltr'>καὶ</span> <span class='ocrx_word' id='word_1_234' title='bbox 379 2995 487 3057; x_wconf 78' lang='grc' dir='ltr'><em>πάντων</em></span> <span class='ocrx_word' id='word_1_235' title='bbox 510 2995 620 3075; x_wconf 74' lang='grc' dir='ltr'><strong><em>ἕτοιμός</em></strong></span> <span class='ocrx_word' id='word_1_236' title='bbox 641 3007 696 3058; x_wconf 77' lang='grc' dir='ltr'>ἐστι</span> <span class='ocrx_word' id='word_1_237' title='bbox 721 2997 856 3074; x_wconf 73' lang='grc' dir='ltr'>δεσπότην</span> <span class='ocrx_word' id='word_1_238' title='bbox 879 3008 966 3060; x_wconf 77' lang='grc' dir='ltr'><strong><em>ποιεῖν</em></strong></span> <span class='ocrx_word' id='word_1_239' title='bbox 988 3005 1040 3060; x_wconf 78' lang='grc' dir='ltr'>τῶν</span> <span class='ocrx_word' id='word_1_240' title='bbox 1062 3006 1169 3062; x_wconf 75' lang='grc' dir='ltr'><strong><em>ἑαυτοῦ.</em></strong></span> 
     </span>
    </p>
   </div>
   <div class='ocr_carea' id='block_1_6' title="bbox 277 3115 1289 3206">
    <p class='ocr_par' dir='ltr' id='par_1_6' title="bbox 277 3115 1289 3206">
     <span class='ocr_line' id='line_1_32' title="bbox 277 3115 1289 3206; baseline 0.009 -27"><span class='ocrx_word' id='word_1_241' title='bbox 277 3115 412 3180; x_wconf 93' lang='lat' dir='ltr'>Heliod.</span> <span class='ocrx_word' id='word_1_242' title='bbox 437 3136 517 3198; x_wconf 87' lang='lat' dir='ltr'>pag.</span> <span class='ocrx_word' id='word_1_243' title='bbox 539 3117 667 3199; x_wconf 82' lang='lat'>148,15</span> <span class='ocrx_word' id='word_1_244' title='bbox 691 3120 820 3200; x_wconf 85' lang='lat' dir='ltr'>(pirata</span> <span class='ocrx_word' id='word_1_245' title='bbox 837 3118 1042 3188; x_wconf 87' lang='lat' dir='ltr'>Oharicleae</span> <span class='ocrx_word' id='word_1_246' title='bbox 1067 3129 1193 3206; x_wconf 84' lang='lat' dir='ltr'>captae</span> <span class='ocrx_word' id='word_1_247' title='bbox 1217 3125 1289 3205; x_wconf 93' lang='lat' dir='ltr'>pol-</span> 
     </span>
    </p>
   </div>
   <div class='ocr_carea' id='block_1_7' title="bbox 151 3203 1172 3293">
    <p class='ocr_par' dir='ltr' id='par_1_7' title="bbox 151 3203 1172 3293">
     <span class='ocr_line' id='line_1_33' title="bbox 151 3203 1172 3293; baseline 0.006 -25"><span class='ocrx_word' id='word_1_248' title='bbox 151 3203 308 3288; x_wconf 72' lang='lat' dir='ltr'>ljceturt)</span> <span class='ocrx_word' id='word_1_249' title='bbox 332 3213 378 3269; x_wconf 77' lang='grc' dir='ltr'>καὶ</span> <span class='ocrx_word' id='word_1_250' title='bbox 400 3217 465 3270; x_wconf 80' lang='grc' dir='ltr'><strong><em>ἴσθι</em></strong></span> <span class='ocrx_word' id='word_1_251' title='bbox 487 3214 616 3272; x_wconf 78' lang='grc' dir='ltr'><strong><em>δέσποινα</em></strong></span> <span class='ocrx_word' id='word_1_252' title='bbox 640 3211 690 3272; x_wconf 78' lang='grc' dir='ltr'>σὺν</span> <span class='ocrx_word' id='word_1_253' title='bbox 711 3212 774 3292; x_wconf 72' lang='grc' dir='ltr'>ἡμῖν</span> <span class='ocrx_word' id='word_1_254' title='bbox 797 3221 881 3278; x_wconf 78' lang='grc' dir='ltr'><strong><em>τῶνδε</em></strong></span> <span class='ocrx_word' id='word_1_255' title='bbox 903 3216 1031 3278; x_wconf 75' lang='grc' dir='ltr'><em>ἁπάντων</em></span> <span class='ocrx_word' id='word_1_256' title='bbox 1052 3224 1172 3293; x_wconf 73' lang='grc' dir='ltr'><em>ἐσομένη.</em></span> 
     </span>
    </p>
   </div>
   <div class='ocr_carea' id='block_1_8' title="bbox 151 3364 1293 3618">
    <p class='ocr_par' dir='ltr' id='par_1_8' title="bbox 151 3364 1293 3618">
     <span class='ocr_line' id='line_1_34' title="bbox 277 3364 1288 3454; baseline 0.012 -27"><span class='ocrx_word' id='word_1_257' title='bbox 277 3364 366 3428; x_wconf 89' lang='lat' dir='ltr'>Xen.</span> <span class='ocrx_word' id='word_1_258' title='bbox 392 3384 471 3447; x_wconf 88' lang='lat' dir='ltr'>pag.</span> <span class='ocrx_word' id='word_1_259' title='bbox 496 3366 571 3447; x_wconf 83' lang='lat'>345,</span> <span class='ocrx_word' id='word_1_260' title='bbox 596 3367 637 3430; x_wconf 88' lang='lat'>31</span> <span class='ocrx_word' id='word_1_261' title='bbox 664 3370 768 3449; x_wconf 87' lang='lat' dir='ltr'>(idem</span> <span class='ocrx_word' id='word_1_262' title='bbox 792 3373 908 3454; x_wconf 89' lang='lat' dir='ltr'>pirata</span> <span class='ocrx_word' id='word_1_263' title='bbox 930 3375 1190 3439; x_wconf 87' lang='lat' dir='ltr'>Habrocomem</span> <span class='ocrx_word' id='word_1_264' title='bbox 1213 3375 1288 3439; x_wconf 90' lang='lat' dir='ltr'>hor-</span> 
     </span>
     <span class='ocr_line' id='line_1_35' title="bbox 151 3454 1293 3565; baseline 0.012 -51"><span class='ocrx_word' id='word_1_265' title='bbox 151 3454 272 3557; x_wconf 58' lang='lat' dir='ltr'>taiurt)</span> <span class='ocrx_word' id='word_1_266' title='bbox 303 3456 394 3562; x_wconf 78' lang='grc' dir='ltr'><strong><em>πρὶνεα</em></strong></span> <span class='ocrx_word' id='word_1_267' title='bbox 417 3458 582 3565; x_wconf 65' lang='grc' dir='ltr'><strong><em>ἇρεόρῤιιρον,</em></strong></span> <span class='ocrx_word' id='word_1_268' title='bbox 606 3461 675 3541; x_wconf 75' lang='grc' dir='ltr'><strong><em>πρὸς</em></strong></span> <span class='ocrx_word' id='word_1_269' title='bbox 700 3463 786 3541; x_wconf 82' lang='grc' dir='ltr'><strong><em>μόνον</em></strong></span> <span class='ocrx_word' id='word_1_270' title='bbox 817 3471 858 3527; x_wconf 81' lang='grc' dir='ltr'>δεῖ</span> <span class='ocrx_word' id='word_1_271' title='bbox 879 3493 910 3528; x_wconf 88' lang='grc' dir='ltr'>σε</span> <span class='ocrx_word' id='word_1_272' title='bbox 931 3467 979 3528; x_wconf 85' lang='grc' dir='ltr'>τδν</span> <span class='ocrx_word' id='word_1_273' title='bbox 1010 3468 1147 3544; x_wconf 75' lang='grc' dir='ltr'><em>δεσπότην</em></span> <span class='ocrx_word' id='word_1_274' title='bbox 1176 3474 1293 3547; x_wconf 75' lang='grc' dir='ltr'>βλέπειν,</span> 
     </span>
     <span class='ocr_line' id='line_1_36' title="bbox 152 3549 591 3618; baseline 0.023 -22"><span class='ocrx_word' id='word_1_275' title='bbox 152 3562 237 3618; x_wconf 71' lang='lat' dir='ltr'>comp</span> <span class='ocrx_word' id='word_1_276' title='bbox 259 3549 413 3604; x_wconf 78' lang='grc' dir='ltr'><strong><em>κελειισαντι</em></strong></span> <span class='ocrx_word' id='word_1_277' title='bbox 434 3570 591 3606; x_wconf 70' lang='lat' dir='ltr'>vuasonem.</span> 
     </span>
    </p>
   </div>
   <div class='ocr_carea' id='block_1_9' title="bbox 144 3664 1292 4006">
    <p class='ocr_par' dir='ltr' id='par_1_9' title="bbox 144 3664 1292 4006">
     <span class='ocr_line' id='line_1_37' title="bbox 160 3664 1291 3768; baseline 0.015 -42"><span class='ocrx_word' id='word_1_278' title='bbox 160 3745 168 3768; x_wconf 48' lang='grc'><strong><em>,</em></strong></span> <span class='ocrx_word' id='word_1_279' title='bbox 275 3664 409 3730; x_wconf 90' lang='lat' dir='ltr'>Heliod.</span> <span class='ocrx_word' id='word_1_280' title='bbox 444 3686 524 3750; x_wconf 88' lang='lat' dir='ltr'>pag.</span> <span class='ocrx_word' id='word_1_281' title='bbox 549 3669 624 3752; x_wconf 77' lang='lat'>201,</span> <span class='ocrx_word' id='word_1_282' title='bbox 653 3672 667 3733; x_wconf 94' lang='lat' dir='ltr'>l</span> <span class='ocrx_word' id='word_1_283' title='bbox 701 3670 847 3754; x_wconf 82' lang='lat' dir='ltr'>(Cybele</span> <span class='ocrx_word' id='word_1_284' title='bbox 880 3676 1104 3758; x_wconf 85' lang='lat' dir='ltr'>Theagenem</span> <span class='ocrx_word' id='word_1_285' title='bbox 1139 3676 1291 3761; x_wconf 78' lang='lat' dir='ltr'>monetz)</span> 
     </span>
     <span class='ocr_line' id='line_1_38' title="bbox 150 3754 1292 3853; baseline 0.018 -45"><span class='ocrx_word' id='word_1_286' title='bbox 150 3754 331 3853; x_wconf 75' lang='grc' dir='ltr'><strong><em>απρρριπεέον</em></strong></span> <span class='ocrx_word' id='word_1_287' title='bbox 354 3801 480 3817; x_wconf 92' lang='lat'>.....</span> <span class='ocrx_word' id='word_1_288' title='bbox 503 3757 567 3827; x_wconf 77' lang='grc' dir='ltr'><strong><em>τοὺς</em></strong></span> <span class='ocrx_word' id='word_1_289' title='bbox 589 3759 716 3839; x_wconf 75' lang='grc' dir='ltr'><strong><em>ληρώδεις</em></strong></span> <span class='ocrx_word' id='word_1_290' title='bbox 748 3762 862 3832; x_wconf 77' lang='grc' dir='ltr'><em>τούτους</em></span> <span class='ocrx_word' id='word_1_291' title='bbox 888 3769 935 3826; x_wconf 83' lang='grc' dir='ltr'>καὶ</span> <span class='ocrx_word' id='word_1_292' title='bbox 953 3766 1140 3846; x_wconf 75' lang='grc' dir='ltr'><strong><em>μειρακιώδεις</em></strong></span> <span class='ocrx_word' id='word_1_293' title='bbox 1169 3771 1207 3844; x_wconf 74' lang='grc' dir='ltr'>τῷ</span> <span class='ocrx_word' id='word_1_294' title='bbox 1234 3766 1292 3830; x_wconf 72' lang='grc' dir='ltr'><strong><em>ὄντι</em></strong></span> 
     </span>
     <span class='ocr_line' id='line_1_39' title="bbox 149 3836 1291 3932; baseline 0.016 -35"><span class='ocrx_word' id='word_1_295' title='bbox 149 3840 283 3913; x_wconf 76' lang='grc' dir='ltr'><strong><em>δρηιους,</em></strong></span> <span class='ocrx_word' id='word_1_296' title='bbox 303 3836 371 3918; x_wconf 76' lang='grc' dir='ltr'><strong><em>δρᾶν</em></strong></span> <span class='ocrx_word' id='word_1_297' title='bbox 393 3845 422 3902; x_wconf 77' lang='grc' dir='ltr'>δὲ</span> <span class='ocrx_word' id='word_1_298' title='bbox 444 3847 489 3904; x_wconf 78' lang='grc' dir='ltr'>καὶ</span> <span class='ocrx_word' id='word_1_299' title='bbox 511 3852 653 3926; x_wconf 72' lang='grc' dir='ltr'><strong><em>ῥυθμίζειν</em></strong></span> <span class='ocrx_word' id='word_1_300' title='bbox 675 3847 796 3917; x_wconf 74' lang='grc' dir='ltr'><em>ἑαυτοὺς,</em></span> <span class='ocrx_word' id='word_1_301' title='bbox 821 3858 898 3910; x_wconf 79' lang='grc' dir='ltr'><strong><em>εἴκειν</em></strong></span> <span class='ocrx_word' id='word_1_302' title='bbox 909 3876 937 3912; x_wconf 79' lang='grc' dir='ltr'>τε</span> <span class='ocrx_word' id='word_1_303' title='bbox 953 3856 999 3913; x_wconf 77' lang='grc' dir='ltr'>καὶ</span> <span class='ocrx_word' id='word_1_304' title='bbox 1017 3851 1215 3932; x_wconf 72' lang='grc' dir='ltr'><strong><em>ὑπηρετεῖσθαι</em></strong></span> <span class='ocrx_word' id='word_1_305' title='bbox 1233 3864 1291 3925; x_wconf 81' lang='grc' dir='ltr'><em>τοῖς</em></span> 
     </span>
     <span class='ocr_line' id='line_1_40' title="bbox 144 3919 497 4006; baseline 0.028 -26"><span class='ocrx_word' id='word_1_306' title='bbox 144 3919 278 4002; x_wconf 77' lang='grc' dir='ltr'>’Λρσᾶκης</span> <span class='ocrx_word' id='word_1_307' title='bbox 298 3927 497 4006; x_wconf 62' lang='lat' dir='ltr'>beethmoth</span> 
     </span>
    </p>
   </div>
   <div class='ocr_carea' id='block_1_10' title="bbox 62 4068 277 4082">
    <p class='ocr_par' dir='ltr' id='par_1_10' title="bbox 62 4068 277 4082">
     <span class='ocr_line' id='line_1_41' title="bbox 62 4068 277 4082; baseline 0.019 -4"><span class='ocrx_word' id='word_1_308' title='bbox 62 4068 277 4082; x_wconf 73' lang='lat'>———=-—-.</span> 
     </span>
    </p>
   </div>
   <div class='ocr_carea' id='block_1_11' title="bbox 51 4148 1372 4384">
    <p class='ocr_par' dir='ltr' id='par_1_11' title="bbox 51 4148 1372 4384">
     <span class='ocr_line' id='line_1_42' title="bbox 220 4148 1329 4237; baseline -0.005 -30"><span class='ocrx_word' id='word_1_309' title='bbox 220 4148 241 4219; x_wconf 74' lang='grc' dir='ltr'>ι)</span> <span class='ocrx_word' id='word_1_310' title='bbox 254 4149 346 4234; x_wconf 37' lang='lat' dir='ltr'>‚Hunc</span> <span class='ocrx_word' id='word_1_311' title='bbox 371 4153 524 4214; x_wconf 85' lang='lat' dir='ltr'>Heliodori</span> <span class='ocrx_word' id='word_1_312' title='bbox 549 4157 648 4216; x_wconf 87' lang='lat' dir='ltr'>locum</span> <span class='ocrx_word' id='word_1_313' title='bbox 673 4159 785 4221; x_wconf 79' lang='lat' dir='ltr'>leuiter</span> <span class='ocrx_word' id='word_1_314' title='bbox 816 4172 998 4237; x_wconf 72' lang='lat' dir='ltr'>corruptum</span> <span class='ocrx_word' id='word_1_315' title='bbox 1022 4179 1100 4218; x_wconf 71' lang='lat' dir='ltr'>esse</span> <span class='ocrx_word' id='word_1_316' title='bbox 1121 4159 1225 4212; x_wconf 61' lang='lat' dir='ltr'>tasse</span> <span class='ocrx_word' id='word_1_317' title='bbox 1253 4167 1329 4203; x_wconf 58' lang='lat' dir='ltr'>sss·</span> 
     </span>
     <span class='ocr_line' id='line_1_43' title="bbox 58 4215 1372 4314; baseline 0.009 -41"><span class='ocrx_word' id='word_1_318' title='bbox 58 4216 142 4289; x_wconf 86' lang='lat' dir='ltr'>cedo,</span> <span class='ocrx_word' id='word_1_319' title='bbox 161 4219 214 4277; x_wconf 79' lang='lat' dir='ltr'>ced</span> <span class='ocrx_word' id='word_1_320' title='bbox 234 4237 277 4278; x_wconf 83' lang='lat' dir='ltr'>ers</span> <span class='ocrx_word' id='word_1_321' title='bbox 295 4223 370 4308; x_wconf 79' lang='lat' dir='ltr'>locis</span> <span class='ocrx_word' id='word_1_322' title='bbox 392 4226 513 4314; x_wconf 79' lang='lat' dir='ltr'>collatis</span> <span class='ocrx_word' id='word_1_323' title='bbox 535 4247 621 4291; x_wconf 85' lang='lat' dir='ltr'>ame</span> <span class='ocrx_word' id='word_1_324' title='bbox 639 4232 811 4308; x_wconf 79' lang='lat' dir='ltr'>impetrare</span> <span class='ocrx_word' id='word_1_325' title='bbox 828 4252 899 4294; x_wconf 81' lang='lat' dir='ltr'>nou</span> <span class='ocrx_word' id='word_1_326' title='bbox 912 4236 1116 4308; x_wconf 60' lang='lat' dir='ltr'>possumus</span> <span class='ocrx_word' id='word_1_327' title='bbox 1129 4215 1372 4314; x_wconf 31' lang='lat' dir='ltr'>semusti&amp;</span> 
     </span>
     <span class='ocr_line' id='line_1_44' title="bbox 51 4274 1346 4384; baseline -0.008 -16"><span class='ocrx_word' id='word_1_328' title='bbox 51 4286 171 4349; x_wconf 58' lang='lat' dir='ltr'>&amp;mm</span> <span class='ocrx_word' id='word_1_329' title='bbox 189 4299 347 4372; x_wconf 67' lang='lat' dir='ltr'>⁸⁸⁸⁰ssin</span> <span class='ocrx_word' id='word_1_330' title='bbox 368 4314 453 4364; x_wconf 79' lang='lat' dir='ltr'>emus</span> <span class='ocrx_word' id='word_1_331' title='bbox 473 4302 555 4370; x_wconf 84' lang='lat' dir='ltr'>haec</span> <span class='ocrx_word' id='word_1_332' title='bbox 573 4313 650 4371; x_wconf 85' lang='lat' dir='ltr'>suut</span> <span class='ocrx_word' id='word_1_333' title='bbox 666 4309 773 4372; x_wconf 79' lang='lat' dir='ltr'>rerba</span> <span class='ocrx_word' id='word_1_334' title='bbox 787 4307 826 4370; x_wconf 81' lang='lat' dir='ltr'>iu</span> <span class='ocrx_word' id='word_1_335' title='bbox 842 4274 1346 4384; x_wconf 49' lang='lat' dir='ltr'>opuscu.see⁸1sss¹ssffi³</span> 
     </span>
    </p>
   </div>
   <div class='ocr_carea' id='block_1_12' title="bbox 0 0 1396 4456">
    <p class='ocr_par' dir='ltr' id='par_1_12' title="bbox 0 0 1396 4456">
     <span class='ocr_line' id='line_1_45' title="bbox 0 0 1396 4456; baseline 0 4"><span class='ocrx_word' id='word_1_336' title='bbox 0 0 1396 4456; x_wconf 95' lang='lat' dir='ltr'> </span> 
     </span>
    </p>
   </div>
  </div>
 </body>
</html>
