2784 4456
624 66 785 164 „ga—

91 256 284 336 ,,δυνηθεν’ς“
310 277 388 321 111111
412 258 638 340 subsequenti
661 259 830 323 infinitivo
860 277 990 340 ponere
1021 261 1109 324 solet
1141 260 1197 338 (cf.
1224 259 1312 322 Reh-

92 346 198 429 dinm,
223 349 244 411 l.
264 348 460 429 1111111101
487 348 602 411 adnot.
628 349 661 423 3)
687 367 765 429 pag.
790 348 864 426 3112,
890 349 932 411 26
957 347 1139 425 δυνηθεῖσα
1156 345 1315 410 εἰσελθεῖν

90 449 133 518 εὶς
155 449 194 509 τὸ
216 440 443 529 δεσμωτήριον.
473 484 506 492 -
532 464 612 527 pag.
636 446 711 524 962,
736 447 756 508 6
780 446 938 526 δυνηθεὶς
960 441 1134 530 εὐπορῆσαι
1158 437 1228 519 ἑνός
1252 449 1315 508 ἐπι·

89 539 215 618 τηδείου
235 544 346 606 λίθου.
371 577 410 586 -
433 563 512 625 pag.
537 543 611 621 380,
636 544 678 605 29
703 540 886 620 δυνηθεῖσα
925 548 958 606 ἐν
992 537 1106 622 ταύτῷ
1143 564 1199 622 μοι
1234 542 1316 622 γενέ-

91 644 179 702 σθαι
203 678 246 685 -
259 661 338 723 pag.
356 641 431 722 389,
449 642 491 704 at
512 643 671 722 δυνηθεὶς
693 643 822 705 λαθεῖν.
845 677 886 685 -
911 659 991 721 pag.
1008 639 1083 721 984,
1106 639 1143 700 10
1167 645 1316 727 ἐκφυγεῖν

91 737 282 818 δυνηθεῖσα.
313 741 368 817 (cf.
393 758 472 820 ρος.
498 741 578 821 300,
603 742 645 804 24
678 732 896 820 ἠδυνήθημεν
933 731 1030 822 μόνον
1062 741 1244 822 γενέσθαι.)
1278 776 1315 784 ··-

91 827 172 891 Eius
205 849 287 892 usus
320 828 468 908 uestigia
501 830 634 893 duobus
667 829 752 892 locis
776 828 952 892 ileliodori
980 829 1157 892 invenisse
1184 829 1314 907 videor,

90 910 169 998 pag.
186 916 261 995 211,
284 918 320 981 13
345 921 474 997 illinon)
496 914 684 1005 ὑφελέσθαι
706 919 869 998 δυνηθείς.
901 954 935 963 -
959 936 1039 999 pag.
1056 918 1131 999 200,
1153 918 1190 980 12
1213 910 1315 1000 μόνος

90 1010 212 1073 ἐκτῶν
235 1002 383 1091 ἀγόντων
406 1010 580 1095 διαδρᾶναι
602 1010 769 1090 δυνηθείς.

251 1127 296 1188 Ut
320 1144 440 1189 earnm
458 1126 669 1188 locutionum
688 1127 849 1206 frequens
866 1125 1026 1205 repetitio
1044 1125 1314 1206 Xenophontem

93 1215 230 1295 inopiae
248 1215 427 1278 cuiusdam
445 1215 614 1278 sermonis
632 1215 790 1294 coarguit
814 1208 868 1291 (c'f.
887 1213 1057 1276 ltohrlium
1075 1213 1094 1276 l.
1115 1214 1133 1276 l.
1152 1232 1232 1294 pag.
1249 1214 1314 1276 401

92 1303 208 1366 adnot.
236 1304 279 1384 3),
326 1305 375 1367 ita
406 1305 575 1367 eiusmodi
606 1322 724 1366 rerum
762 1303 1031 1383 haudquaquam
1063 1318 1127 1365 usn
1154 1303 1315 1365 tritarum

90 1392 236 1455 imitatio
262 1393 491 1474 demonstrat,
525 1411 629 1474 quam
653 1393 789 1474 penitus
813 1391 1021 1454 Heliodorus
1044 1391 1134 1454 illius
1158 1392 1315 1455 libellum

95 1481 271 1561 cognitum
294 1481 465 1545 habuerit.

250 1598 349 1660 Idem
374 1616 414 1660 oo
439 1598 660 1678 intellegitur,
687 1597 778 1678 quod
795 1600 939 1676 uterque
956 1596 1106 1676 scriptor
1121 1596 1316 1661 locutiones

92 1689 126 1748 et
149 1687 325 1749 vocabula
350 1687 523 1767 quaedam
547 1687 659 1749 minus
685 1687 812 1748 usitata
836 1690 871 1748 et
891 1685 1125 1748 reconditiora
1142 1690 1315 1766 ursurpat,

91 1792 181 1856 quae
206 1776 299 1856 apud
324 1780 459 1839 ceteros
484 1776 633 1839 eroticos
665 1782 725 1838 aut
749 1775 887 1837 omnino
916 1793 985 1836 non
1009 1774 1232 1842 inveniuntur
1256 1779 1315 1838 aut

91 1868 187 1928 certe
210 1883 275 1927 usu
298 1865 442 1928 multum
474 1864 652 1928 aNostris
684 1863 854 1926 differunt.
902 1860 994 1943 Quin
1023 1862 1129 1925 etiarn
1153 1864 1313 1927 soloecis-

92 1971 168 2016 mos
192 1954 362 2035 quosdam
388 1954 437 2017 eis
462 1972 664 2017 communes
689 1971 767 2016 esse
792 1953 904 2016 video,
945 1951 999 2015 Ex
1024 1952 1147 2033 quibus
1172 1971 1215 2015 ea
1237 1969 1308 2033 per-

92 2059 229 2123 sequar,
255 2062 345 2124 quae
369 2043 451 2107 mihi
476 2043 521 2107 ad
544 2042 745 2105 imitationis
762 2042 933 2104 rationem
949 2041 1192 2105 illustrandam
1211 2040 1307 2123 aptis-

91 2131 181 2194 sima
204 2150 282 2195 esse
306 2132 478 2196 videntur.

251 2247 447 2328 Xenophon
479 2249 621 2311 beatam
653 2247 843 2310 amantium
870 2247 978 2309 vitam
1009 2244 1199 2326 depingens
1232 2242 1317 2306 nihil

93 2335 203 2398 maius
227 2336 343 2416 habet,
375 2338 467 2416 quod
498 2338 663 2418 proferat,
696 2355 800 2417 quam
832 2336 941 2399 vitam
971 2352 1091 2399 eorum
1126 2334 1215 2396 festo
1249 2333 1318 2396 diei

92 2424 240 2488 Similem
263 2426 384 2505 fuisse,
408 2444 487 2506 pag.
513 2424 587 2505 338,
613 2425 654 2486 22
686 2417 781 2508 ἑορτὴ
807 2416 845 2506 ἦν
872 2419 961 2501 ἅπας
983 2419 1001 2491 ό
1027 2425 1099 2506 βίος
1129 2417 1249 2498 αὐτοῖς.
1273 2461 1318 2467 -

93 2531 173 2594 pag.
197 2513 272 2596 399,
300 2513 339 2577 18
363 2515 476 2596 διῆγον
507 2505 622 2601 ἑορτὴν
654 2507 788 2599 ἄγοντες
815 2507 872 2581 τόν
898 2512 961 2599 μετ’
994 2511 1143 2595 ἀλλήλων
1169 2514 1252 2595 βίον.
1277 2550 1318 2561 -

93 2603 148 2679 (ci.
181 2603 438 2685 1111194121,
475 2605 531 2667 11111
561 2610 724 2668 narratur
760 2616 918 2670 amantes
950 2626 971 2668 a
1004 2605 1145 2668 Rhodiis
1178 2623 1320 2667 summa

93 2708 171 2753 cum
196 2692 329 2755 laetitia
354 2698 388 2756 et
412 2693 642 2757 admiratione
666 2695 892 2757 multitudinis
917 2696 1001 2757 urhe
1026 2698 1194 2774 exceptos
1220 2711 1318 2757 esse:

93 2773 209 2865 ἑορτὴν
232 2775 349 2864 ἄγουσι
372 2775 431 2862 τὴν
454 2783 628 2866 ἐπιδημίαν
650 2779 782 2868 αὐτῶν.)
813 2784 912 2847 Haec
926 2783 1164 2863 reminiscens
1183 2784 1318 2863 opinor,

93 2870 300 2935 Heliodorus
331 2875 487 2953 scripsit:
519 2893 598 2954 pag.
629 2874 698 2952 100,
724 2874 765 2935 23
798 2868 816 2937 ὁ
845 2875 905 2956 μὲν
935 2864 974 2954 δὴ
1003 2877 1096 2959 μέχρι
1128 2875 1187 2938 τοῦ
1217 2865 1320 2938 τόκου

90 2954 208 3048 χρόνος
231 2961 326 3047 ἑορτὴ
349 2958 519 3046 πάνδημος
542 2953 589 3043 ἦν.
612 3002 656 3008 --
679 2963 814 3027 insulse
838 2964 991 3027 Achilles
1016 2964 1134 3026 Tatius
1163 2964 1320 3026 imitatur

92 3069 172 3131 pag.
201 3053 272 3129 121,
297 3054 339 3115 26
365 3044 404 3133 ἦν
427 3049 516 3129 ἅπας
538 3050 555 3118 ό
578 3045 729 3138 ποταμός
751 3049 862 3138 ἑορτή
886 3047 977 3138 inixa
1004 3055 1037 3118 δὲ
1062 3047 1319 3136 όπλοῠςκωμό-

94 3136 182 3216 ζοντι
204 3141 354 3224 ποταμῷ.

255 3254 392 3337 Optime
428 3276 513 3322 vero
545 3262 580 3322 et
612 3257 792 3338 aptissime
822 3257 890 3320 hoc
920 3277 941 3321 a
968 3258 1201 3327 Xenophonte
1234 3255 1320 3318 mihi

97 3343 227 3405 dictum
260 3363 338 3408 esse
366 3347 519 3410 videtur:
553 3346 732 3426 1111111399,
761 3346 800 3408 10
832 3338 935 3422 ,αὕτη
965 3336 1028 3430 γὰρ
1062 3335 1103 3423 ἦν
1135 3336 1229 3422 αὐτῷ
1259 3343 1321 3405 τοῦ

93 3433 168 3513 βίον
195 3434 321 3510 παντὸς
352 3437 405 3499 καὶ
437 3438 495 3516 τῆς
526 3431 653 3516 πλάνης
675 3431 694 3514 η
717 3431 905 3510 ὑπόθεσιςκ
928 3435 1056 3516 quippe
1081 3451 1159 3498 curn
1182 3431 1318 3494 Habro-

96 3540 213 3586 comes
239 3527 441 3605 profiteatur
469 3544 507 3589 se
538 3527 573 3589 in
601 3544 704 3589 unam
730 3544 829 3606 spem
853 3524 1002 3587 Anthiae
1026 3521 1259 3587 inveniendae
1284 3524 1319 3582 et

94 3612 218 3676 virere
251 3617 286 3676 et
312 3621 466 3678 remotas
490 3620 603 3678 terras
628 3615 852 3695 perlustrare.
899 3613 1001 3676 Haud
1026 3614 1108 3683 seio,
1141 3629 1186 3671 an
1214 3628 1318 3672 nemo

94 3700 184 3763 haec
200 3701 375 3766 Heliorlori
395 3705 505 3767 rerba
521 3705 698 3785 praeierat
715 3721 794 3782 pag.
808 3703 883 3782 219,
897 3703 917 3763 9
942 3696 1003 3782 την
1022 3697 1101 3783 ὅλην
1125 3705 1185 3768 τοῦ
1200 3702 1320 3784 ἔρωτος

98 3785 265 3858 ὑπόθεσιν
294 3796 352 3874 τῆς
376 3787 540 3880 Ἀρσάκης
568 3785 835 3876 ὑποτεμνόμενος,
858 3791 914 3853 11111
939 3793 974 3856 id
998 3793 1121 3872 agitur,
1147 3796 1183 3855 ut
1207 3791 1318 3852 Thea-

95 3900 203 3962 genes
239 3903 283 3946 ex
319 3885 391 3947 eins
431 3888 633 3965 conspectu¹
656 3886 891 3945 removeatur.
949 3882 1086 3964 (Achill.
1124 3882 1199 3944 Tat.
1236 3897 1317 3959 pag.

88 3972 207 4046 ,51211
229 3975 337 4048 συνεὶς
361 3967 539 4059 τοῦλόγου
560 3998 625 4059 μου
652 3964 712 4052 τὴν
740 3964 905 4037 ὑπόθεσιν
930 3971 1041 4034 minus
1067 3975 1148 4052 apte
1171 3968 1320 4032 forsitan

69 4064 311 4128 eomparatur:
312 4064 332 4139 γ’

32 4229 112 4296 ,um
215 4166 327 4243 Quod
350 4181 478 4244 autern
506 4185 618 4292 apud·
634 4184 925 4293 Xenophontem
954 4180 995 4244 in
1022 4173 1196 4278 colloquio
1218 4189 1338 4293 annan-

109 4286 124 4315 ν
175 4259 282 4333 quod
308 4280 390 4335 uon
425 4274 620 4345 mediocri
656 4281 855 4351 suavitate
892 4277 931 4342 et
965 4265 1159 4339 dulcedine
1180 4259 1360 4323 lectorem
