2784 4456
605 85 764 193 ν..-
924 143 932 155 -
1386 107 1392 214 1

136 277 274 431 tltEt
306 278 546 342 Habrooomes
582 282 616 342 et
648 277 855 360 Theogenes
890 279 1105 345 deliberandi
1141 281 1299 362 spatium

70 385 134 448 pos
152 386 209 430 ua
237 386 244 431 ε

279 457 367 520 Xen.
392 474 471 538 pag.
496 455 571 538 346,
597 455 615 519 7
640 459 827 544 ἐπίτρεψον,
861 459 1016 538 δέσποτα,
1039 453 1301 541 βουλεύσασθαι

153 543 260 635 βρσχύ
282 552 337 613 καὶ
360 543 440 635 πρὸς
461 541 572 614 πάντα
596 544 837 636 ἀποκρινοῦμαί
857 573 909 618 σοι
931 546 974 617 τὰ
996 557 1158 639 ῥηθέντα.

282 675 417 738 Heliod.
442 693 521 757 pag.
546 675 621 758 206,
651 677 670 740 9
710 681 878 744 πέπαυσαι
911 671 948 744 τὸ
980 673 1086 768 παρὸν
1118 682 1172 745 καὶ
1206 680 1306 757 ἔνδος

156 764 232 853 ἡμῖν
256 774 297 845 εὶς
319 772 496 855 ἐπίσκεψιν.

230 913 386 994 Uterque
409 916 580 996 monetur,
604 933 649 979 ne
674 917 871 980 constantia
887 934 951 980 sua
966 917 1001 980 in
1017 936 1190 981 summurn
1208 919 1306 1000 peri·

72 1001 188 1065 culum
212 1020 288 1066 rem
313 1001 481 1066 deducat:

285 1127 373 1190 Xen.
398 1145 478 1209 pag.
503 1127 578 1209 349,
602 1128 643 1190 21
669 1147 720 1209 sq.
745 1127 852 1190 σῶσον
872 1121 955 1210 ἡμᾶς
985 1121 1137 1204 ἅπαντας
1167 1133 1223 1191 καὶ
1255 1127 1308 1211 μή

159 1219 299 1310 περιίδῃς
334 1215 411 1310 ὀργῇ
441 1221 607 1286 δεσποτῶν
634 1215 883 1296 ὑποπεσόντας.
912 1272 948 1285 ..
974 1275 978 1286 .
1004 1243 1084 1307 pag.
1109 1226 1183 1309 350,
1210 1227 1232 1291 8
1256 1219 1309 1309 μὴ
1347 1304 1350 1309 ,

157 1315 287 1398 προδῷς
309 1310 448 1380 σεαυτὸν
469 1317 550 1401 μηδὲ
572 1322 615 1392 εὶς
636 1308 735 1402 ὀργὴν
759 1312 900 1408 ἐμβάλῃς
921 1313 1135 1406 βαρβαρικήν.
1346 1320 1351 1329 ’

192 1441 414 1616 βΙλλΗεὶίοά.
438 1460 517 1522 pag.
543 1441 617 1524 201,
641 1442 662 1504 4
694 1430 738 1524 μιῖ
768 1433 881 1531 λάθῃς
907 1446 949 1517 εἰς
975 1446 1058 1526 μέγα
1087 1436 1189 1509 κακὸν
1214 1442 1308 1533 ἡμᾶς

156 1541 192 1618 ἐμ
217 1560 238 1598 α
281 1558 333 1599 ων.

228 1680 296 1744 Ubi
328 1680 371 1743 de
401 1679 530 1744 Anthia
562 1683 597 1745 et
622 1679 806 1746 Chariclen
837 1681 989 1747 tollenda
1017 1684 1140 1767 agitur,
1173 1687 1307 1755 eodem

1 1785 2 1791 ¹
73 1769 247 1833 vocabulo
274 1771 421 1850 uterque
445 1770 603 1851 scriptor
617 1770 732 1833 utitur.
979 1774 981 1779 ’

281 1893 370 1957 Xen.
396 1911 475 1975 pag.
500 1893 575 1972 350,
603 1895 644 1957 10
676 1884 765 1977 κᾶγώ
792 1889 868 1979 ὑμῖν
901 1888 1013 1980 ἄπειμι
1047 1895 1237 1963 ἐκποδών.
1263 1938 1308 1951 -

161 1993 253 2072 (pag.
277 1989 353 2074 350,
378 1991 421 2053 24
445 1981 506 2068 τὴν
528 1978 588 2053 niv
610 1989 661 2054 σοὶ
683 1999 822 2072 γυναῖκα
844 1984 1172 2076 ἀποσκευασόμιθα.)

286 2114 421 2179 Heliou.
446 2132 526 2195 pag.
551 2112 626 2195 226,
653 2113 692 2176 12
718 2101 778 2191 τὴν
801 2104 950 2196 ἐμποδών
971 2117 1146 2199 γενομένην
1179 2119 1307 2181 ἐκπο-

156 2199 236 2272 cloio
257 2202 488 2294 ποιησώμεθα.

228 2353 318 2417 Hinc
351 2352 493 2417 Mantho
528 2353 624 2416 illinc
655 2352 789 2418 Arsace
825 2353 950 2418 eadem
985 2355 1059 2419 fere
1088 2354 1202 2419 verba
1236 2356 1301 2423 mi-

32 2492 48 2523 ,
70 2442 174 2506 necia
196 2443 319 2507 iactat:
643 2477 645 2481 >

282 2565 370 2630 Xen.
395 2584 474 2647 pag.
499 2563 574 2648 348,
599 2565 640 2629 21
665 2560 741 2626 toci
761 2563 821 2645 μὲν
844 2566 959 2638 οἰκέτις
981 2552 1064 2628 οὖσα
1088 2555 1155 2647 ἐμή.

282 2689 417 2754 Heliou.
441 2707 522 2772 pag.
546 2689 621 2772 210,
646 2688 666 2752 6
691 2684 807 2760 δοῦλος
831 2679 982 2770 ἡμέτερος
1004 2675 1049 2748 ὢν
1068 2682 1153 2750 ἴσθι.

229 2849 275 2913 Ut
298 2868 385 2914 vero
418 2853 469 2914 tot
500 2867 690 2914 consensus
721 2847 952 2913 imitationem
982 2848 1127 2912 subesse
1154 2847 1301 2915 demon·

71 2940 193 3020 strant,
217 2938 266 3002 ita
290 2938 426 3003 collatis
451 2940 500 3004 eis
524 2939 620 3022 locis,
645 2939 769 3021 quibus
782 2936 1014 3001 Habrocomis
1038 2939 1072 3001 et
1097 2936 1302 3019 Theogenis

71 3026 268 3091 sollicitatio
294 3029 488 3111 exponitur,
512 3047 615 3092 nemo
639 3046 710 3092 non
733 3025 836 3090 facile
862 3024 1041 3107 concedet,
1065 3025 1319 3095 Heliodorum.
1347 3089 1348 3092 ,

70 3115 167 3179 illum
191 3115 332 3197 Ephesii
355 3118 471 3181 locum
500 3118 660 3199 augendo
695 3120 730 3180 et
763 3113 972 3179 cumulando
1003 3115 1175 3179 imitatum
1206 3133 1302 3185 esse.

70 3204 184 3286 Atque
208 3207 346 3270 omnino
370 3225 440 3270 non
462 3208 536 3272 fere
560 3207 646 3270 satis
669 3206 777 3269 habet
790 3202 932 3285 Ephesii
946 3203 1093 3268 inventa
1109 3203 1300 3290 asciscere,

70 3293 134 3357 sed
157 3312 200 3358 ea
224 3295 440 3377 amplificare
470 3296 561 3360 etin
582 3295 694 3359 maius
712 3292 884 3358 extollere
900 3292 999 3356 solet.
1031 3291 1152 3374 Neque
1175 3295 1302 3361 tamen

72 3380 103 3445 ei
127 3383 329 3466 contingere
345 3385 516 3467 videmus,
540 3387 578 3447 ut
600 3383 768 3447 imitando
794 3400 837 3446 ea
861 3381 1078 3463 elegantiora
1099 3380 1238 3463 efficiat,
1262 3384 1300 3450 id

71 3471 164 3552 quod
187 3473 340 3537 maxime
368 3475 591 3555 perspicuum
615 3474 683 3552 est,
713 3471 773 3534 ubi
796 3488 839 3534 ea
861 3470 1028 3550 imitatur,
1062 3487 1153 3551 quac
1184 3489 1205 3533 a
1229 3471 1302 3539 Xe·

71 3561 249 3641 nophonte
272 3579 442 3643 perverse
464 3562 622 3625 instituta
646 3563 734 3624 sunt.
781 3559 959 3622 Eiusmodi
987 3561 1054 3641 est,
1087 3559 1179 3640 quod
1203 3562 1302 3643 apud

72 3804 140 3860 pag.
153 3791 218 3845 251:
238 3788 430 3860 „Corruptnm
449 3803 516 3845 esse
535 3793 600 3858 ὁρᾶν
620 3787 693 3846 vidit
706 3803 819 3859 quoque
833 3785 1007 3871 Oorapusflin
1019 3786 1098 3844 notis
1112 3785 1299 3861 corrigitque

71 3859 125 3929 ὥρα
142 3859 171 3912 δὲ
188 3857 241 3925 καί,
261 3859 337 3932 quod
357 3876 410 3931 per
428 3876 460 3917 se
481 3860 676 3931 spernendum
688 3875 744 3916 non
760 3863 820 3926 est3
842 3864 1027 3914 concinnitas
1039 3865 1139 3915 tamen
1153 3858 1301 3918 orationis

71 3929 240 3988 infinitivum
262 3931 319 3988 hoc
339 3930 405 3987 loco
424 3931 576 4004 postulare
595 3930 723 4002 videtur3
750 3935 931 4002 quapropter
955 3932 1078 4000 σραῖζειι
1103 3926 1245 3987 tentavi.“
1265 3962 1301 3973 -—

70 4000 143 4058 11111
160 4018 230 4059 vero
250 4002 419 4088 persuasum
439 4009 486 4061 est
504 4003 579 4060 hunc
597 4003 694 4060 locum
717 4011 781 4058 arte
810 4001 969 4059 cohaerere
992 4018 1055 4058 cum
1074 4001 1141 4057 loco
1160 4002 1302 4072 apposito

70 4071 287 4144 Xenophontis,
307 4090 407 4146 exque
421 4074 585 4132 imitatione
599 4088 664 4131 enm
678 4087 847 4145 expressum
856 4089 921 4130 esse
930 4080 1061 4145 apparet.
1080 4071 1188 4128 'l'ribus
1200 4075 1302 4135 verbis

70 4143 277 4215 Xenophontis
306 4145 364 4203 tria
381 4147 511 4204 membra
529 4146 641 4219 periodi
661 4147 737 4218 apud
751 4144 939 4204 Heliodorum
960 4143 1138 4216 respondere
1152 4143 1319 4207 neminem-

55 4213 174 4293 finget,
202 4217 287 4272 solet
312 4223 412 4276 auteur
439 4218 466 4282 ie
489 4217 696 4298 amplificando
714 4217 833 4281 imitari.
862 4216 1032 4276 Tenendum
1045 4222 1094 4273 eet
1111 4214 1204 4289 igitur
1221 4222 1302 4299 ὁρῆν,
1347 4286 1350 4293 Ι

38 4277 230 4347 &sciendum
246 4289 382 4365 ψαιζειγ,
1215 4334 1218 4341 ,
