2784 4456
623 39 782 135 *aa*

249 229 325 294 Iam
355 229 462 294 redeo
492 247 544 309 eo,
576 227 667 291 unde
703 227 878 307 profectus
911 246 1003 309 sum,
1034 227 1101 292 hoc
1134 230 1321 309 tamquam

91 319 232 384 vinculo
257 319 409 401 quodam
432 317 670 382 narrationem
689 315 931 398 Xenophontis
956 316 1140 400 contineri,
1166 335 1322 399 eumque

90 409 183 472 hanc
205 427 280 473 rem
305 409 349 472 ab
373 408 468 471 initio
492 410 693 487 susceptam
717 423 827 487 usque
858 407 903 469 ad
936 406 1040 470 finem
1071 406 1230 470 tenuisse
1263 424 1321 471 ne-

95 515 162 578 que
186 516 208 561 a
230 496 409 579 proposito
435 495 668 559 aberravisse.
715 493 836 576 Neque
860 513 916 559 me
941 495 1040 577 fugit,
1065 513 1171 576 quarn
1195 495 1324 561 inscite

92 585 151 650 ille
174 587 286 668 magis
309 587 344 649 in
367 585 603 664 iureiurando,
629 602 734 665 quam
757 584 792 646 in
815 585 890 665 ipso
916 602 1050 665 amore,
1081 584 1140 665 qui
1163 584 1321 649 alterum

91 675 233 738 alterius
257 674 417 738 oblivisci
440 692 510 737 non
533 673 676 752 sineret,
710 672 814 737 iidem
844 691 963 736 eorum
992 673 1199 754 reposuerit.
1250 672 1322 741 Sed

88 763 167 845 ipsa
189 764 326 827 inscitia
350 763 528 844 scriptoris
550 761 777 843 demonstrat,
802 780 882 827 eurn
898 780 960 825 suo
977 761 1090 827 Marte
1106 779 1184 827 rem
1201 762 1321 845 egisse

90 870 204 935 neque
228 852 372 917 alterius
395 853 577 916 inventum
602 850 805 915 adscivisse.

249 993 438 1057 Videamus
462 1010 563 1075 nunc,
588 994 762 1074 quomodo
785 994 878 1057 idem
903 993 947 1056 ab
972 992 1161 1058 Heliodoro
1188 998 1319 1063 tracte·

89 1088 155 1147 tur.
203 1080 425 1163 Quamquam
449 1082 541 1146 enim
566 1101 609 1145 ca
631 1100 670 1146 re
695 1083 833 1146 omnino
858 1100 944 1163 opus
961 1083 1101 1162 nonsit,
1126 1100 1210 1147 curn
1226 1086 1323 1167 apud

92 1190 172 1236 eum
196 1176 355 1235 amantes
379 1172 442 1235 vix
465 1171 576 1235 semel
599 1171 699 1235 bisve
728 1171 774 1234 ad
796 1189 928 1253 paucos
960 1171 1034 1235 dies
1058 1172 1148 1236 inter
1181 1191 1223 1238 se
1257 1175 1323 1239 dis-

92 1261 218 1326 cedere
244 1263 423 1343 cogantur,
449 1260 651 1341 ceteroquin
675 1260 791 1323 omnia
815 1260 909 1323 mala
933 1265 967 1324 et
991 1261 1149 1342 pericula
1172 1280 1249 1327 una
1270 1282 1323 1328 su·

91 1351 208 1432 beant,
233 1355 352 1414 tanrcn
376 1354 412 1413 et
434 1350 510 1430 ipse
532 1349 771 1413 iusiurandum
793 1353 827 1413 et
842 1352 986 1431 pactum
1003 1350 1181 1432 quoddam
1200 1370 1323 1418 aman-

91 1432 177 1503 tiur'n
200 1440 354 1503 instituit.
402 1437 491 1502 Nam
515 1438 582 1502 etsi
605 1438 678 1501 eius
702 1437 796 1519 pacti
821 1447 925 1520 caput
951 1446 1013 1519 est,
1048 1441 1084 1502 ut
1108 1439 1324 1523 Theagenes

91 1528 180 1593 iuret
216 1547 254 1593 se
288 1527 493 1593 Charicleae
527 1528 777 1591 consuetudine
808 1528 1048 1591 abstenturum
1073 1546 1173 1680 tesse,
1208 1530 1324 1597 donec

91 1635 170 1681 eam
202 1618 292 1681 iusto
324 1616 544 1680 matrimonio
578 1634 698 1680 secum
731 1615 942 1698 conjungere
976 1617 1086 1697 possit
1119 1619 1217 1699 (pag.
1246 1622 1321 1699 117,

91 1705 134 1769 30
157 1709 259 1788 sqlt
261 1725 364 1770 amen
389 1705 485 1769 addit
472 1709 588 1786 t.pag
609 1704 740 1787 118,11
769 1705 824 1769 καὶ
847 1705 956 1789 οἱμὲν
981 1707 1088 1770 ταῦτα
1117 1708 1192 1771 καὶ
1217 1704 1322 1819 ἕτερ’

93 1791 193 1865 ἄττα
216 1791 296 1886 πρὸς
325 1823 455 1874 τουτοις
483 1801 533 1864 ἐπὶ
555 1819 698 1885 μαρτυσι
721 1808 788 1875 τοῖς
812 1802 899 1870 θεοῖς
923 1793 1114 1883 ὡμολόγουν
1137 1795 1308 1885 ἀλλήλοις.

250 1944 326 2007 Hoc
343 1934 430 2025 ἕτερ’
457 1934 558 2005 ἄττα
574 1962 748 2009 summam
764 1948 885 2008 movet
908 1944 1143 2025 suspicionem
1164 1964 1219 2029 ea,
1231 1965 1327 2029 quae

94 2033 176 2097 dicit
198 2033 406 2097 Heliodorus
431 2031 602 2113 depacto
628 2036 663 2098 et
686 2034 829 2098 foedere
853 2034 1048 2097 amantium
1071 2033 1178 2116 iacto,
1212 2035 1320 2117 prius-

93 2140 197 2204 quam
232 2123 372 2186 labores
407 2124 442 2184 et
476 2123 632 2202 pericula
664 2141 789 2187 eorum
822 2123 958 2186 initium
983 2122 1134 2203 capiant,
1161 2142 1181 2187 e
1208 2124 1315 2189 Xeno·

90 2210 221 2292 phonte
245 2215 378 2275 temere
402 2211 574 2275 translata
598 2231 686 2276 esse.
734 2210 957 2293 Quamquam
982 2212 1074 2275 enirn
1103 2211 1181 2293 ipse
1215 2214 1313 2295 scrip

91 2302 146 2364 tor
168 2319 239 2363 non
263 2304 362 2363 curat
384 2299 484 2363 nobis
510 2300 626 2364 dicero
654 2302 732 2364 illos
770 2305 927 2365 mutuam
956 2300 1062 2363 iidem
1094 2300 1317 2367 iureiurando

92 2389 332 2470 confirmasse,
366 2391 485 2452 tamen
517 2389 584 2452 hoc
614 2408 681 2453 uno
706 2384 799 2474 ,ἕτερ’
827 2384 934 2455 ἅττα“
971 2389 1108 2452 adiecto
1138 2388 1231 2455 illud
1260 2408 1320 2457 nos

91 2477 297 2559 intellegere
321 2482 356 2541 et
379 2476 543 2559 supplere
567 2479 652 2542 vult.
630 2479 902 2561 tTheagenes
926 2478 1065 2560 quidem
1089 2495 1128 2541 se
1152 2497 1175 2542 a
1200 2478 1319 2545 Chari-

21 2574 27 2583 '
92 2566 170 2630 olea
192 2567 368 2649 proditum
401 2583 479 2630 esse
511 2572 566 2631 rat
569 2586 608 2630 us
636 2568 756 2633 fidei'
748 2573 839 2632 iurat
842 2588 884 2633 ae
916 2585 996 2632 eam
1028 2569 1321 2635 commonefacit:

91 2673 171 2765 pag.
188 2655 241 2737 30,
262 2657 302 2719 14
335 2657 388 2720 καὶ
425 2658 458 2721 τί
487 2652 599 2741 γένοιτ’
638 2649 680 2723 dr
710 2652 902 2742 καινότερον
936 2649 955 2738 ἢ
990 2659 1022 2721 τί
1053 2651 1322 2772 ἀθεμιστότεροι

92 2742 196 2832 ὅρκων
226 2751 286 2833 μὲν
318 2753 371 2814 καὶ
405 2753 555 2817 uuordov
579 2754 888 2838 παραβαινομένων,
925 2754 1123 2837 Χαρικλείας
1144 2751 1180 2817 δὲ
1203 2747 1321 2835 λήθην

91 2845 170 2926 ἐμου
183 2837 350 2926 λαβούσης
371 2870 426 2909 και
448 2871 529 2931 προς
551 2841 659 2912 ἄλλων
681 2873 805 2934 popone
828 2841 1121 2927 ἐπινευονσηςμ

249 2988 311 3052 His
342 2994 401 3053 aut
403 3009 459 3053 ern
487 2992 605 3055 verbis
638 2986 762 3078 ,ὅρκων
796 2993 850 3055 καὶ
881 2991 1031 3057 σπονδῶν
1068 2990 1318 3100 uapastawopt

91 3082 176 3137 νων(
208 3077 293 3141 nihil
326 3078 420 3142 aliud
453 3080 641 3160 significari
673 3101 718 3163 po
720 3085 789 3144 test
796 3100 935 3163 ,quam
964 3080 1049 3144 illud
1076 3073 1171 3165 ,ἕτερ’
1200 3072 1321 3165 ἆται,

93 3167 221 3248 quippe
256 3184 334 3230 curn
375 3169 468 3232 aliud
499 3171 689 3233 amantium
721 3131 960 3234 iusidrandum
998 3173 1079 3233 ante
1044 3169 1149 3232 tid
1181 3173 1323 3257 tempus

90 3255 222 3319 nullum
257 3262 506 3321 commemoret
509 3277 558 3321 ur
606 3257 753 3323 Omnino
783 3262 842 3323 aut
845 3277 900 3323 ern
925 3259 1035 3323 semel
1058 3261 1137 3361 post
1140 3275 1184 3322 ea
1208 3260 1322 3327 Thea·

95 3349 263 3425 geneset
249 3345 473 3411 tOhariclea
495 3347 672 3411 11(1οιιι1
623 3352 672 3410 int
675 3367 713 3411 er
736 3366 775 3411 se
807 3348 1045 3412 confirmant
1000 3351 1071 3411 1ιιι
1093 3348 1169 3428 ipso
1197 3351 1323 3433 capitis

93 3432 292 3498 discrimine
315 3453 395 3517 pag
413 3435 487 3517 236,
501 3436 553 3498 29.

251 3574 392 3656 Quanta
433 3578 631 3641 temeritate
674 3582 708 3642 et
740 3577 965 3730 neglegentia
997 3576 1207 3642 Heliodorus
1247 3598 1322 3647 rem

93 3665 213 3746 egerit,
239 3666 314 3746 quis
339 3669 392 3729 est
399 3666 513 3747 ,quin
537 3667 680 3731 videat?
726 3667 837 3730 Duo
828 3668 875 3748 igi
877 3672 932 3730 tur
956 3665 1168 3746 gravissima
1191 3668 1323 3735 indicis

92 3771 172 3818 eum
202 3754 403 3818 imitationis
437 3756 661 3836 convincunt,
696 3756 854 3838 etquod
887 3773 930 3818 ea
960 3755 1153 3818 narrationi
1186 3757 1320 3841 inserit,

92 3861 183 3924 quae
205 3861 262 3907 res
295 3847 398 3925 postu
361 3844 473 3908 tulare
505 3864 576 3908 nou
608 3806 728 3909 videat
715 3848 783 3926 tu,r
818 3848 853 3908 et
877 3845 1006 3946 quodt
1008 3863 1066 3908 am
1098 3843 1322 3926 indiligenter

92 3939 127 3996 et
156 3935 290 3997 temere
323 3932 457 4016 inserit,
491 3937 528 3999 ut
563 3934 771 3999 narrationis
804 3933 960 4016 partes
951 3937 1002 3996 rnt
1004 3952 1042 3998 er
1075 3950 1113 3996 se
1145 3952 1217 3998 non
1243 3954 1322 4003 con·

90 4021 244 4086 veniant.

252 4146 307 4211 Ex
331 4147 459 4218 ceteris
484 4147 624 4212 creticis
640 4166 729 4215 unus
744 4147 887 4255 Longus
910 4147 1024 4212 simile
1044 4147 1166 4211 amant
1166 4145 1240 4211 ium
1255 4150 1322 4215 ius
1348 4178 1351 4183 ·

71 4233 265 4303 tutandum
287 4236 419 4313 tabet:
440 4256 524 4331 pag
542 4236 621 4329 283,
637 4237 657 4311 2
682 4256 736 4331 sq
767 4230 786 4309 1
815 4236 873 4329 μὶν
904 4229 947 4323 δὴ
975 4228 1139 4323 Atura
1130 4253 1305 4317 suess..
1293 4288 1332 4309 .
