2784 4456
645 88 688 157 35

50 304 152 352 suam
181 286 260 368 ipsa
281 287 481 368 nuptiarum
504 289 618 368 nocte,
649 285 726 349 sive
751 284 793 349 de
818 283 916 347 coelo
940 287 1038 347 tacta
1062 282 1165 347 domo
1203 281 1279 346 sive

49 378 132 459 igne
158 377 349 458 combusta,
376 375 578 439 decessisse.

213 517 348 581 Heliod.
373 535 453 598 pag.
478 515 530 597 (58,
555 517 597 578 32
630 521 675 576 καὶ
706 515 773 575 καθ’
806 513 837 589 ἦν
868 514 950 575 νύκτα
979 521 1212 592 συγκατεκλελσθη
1243 517 1279 589 τῷ

50 607 175 686 γήμαντι,
199 605 256 665 κατ’
280 603 363 678 αὐτὴν
384 605 399 675 ἡ
422 604 554 678 δυστυχής
577 605 706 670 ἐτελεύτα,
738 610 860 678 σκηπτοῦ
882 631 953 672 τινος
975 605 991 679 ἢ
1010 604 1203 679 χειροποιήτου
1225 630 1276 663 πυ-

51 695 100 772 ρὸς
122 701 179 761 τοῖς
203 692 344 766 θαλάμοις
366 691 537 768 ἐμπεσόντος,
560 695 605 750 καὶ
628 691 674 750 τὸν
697 691 822 769 ἷμένοιιον
845 691 980 770 ᾀδόμενον
1002 696 1039 750 ἔτι
1057 694 1186 763 διεδέχετο
1207 693 1279 765 θρη-

51 806 105 848 νος,
129 783 176 839 καλ
196 777 253 838 α’πδ
278 781 329 836 τῶν
353 776 502 836 παστάδων
524 781 568 835 ἐπὶ
589 775 619 836 τά
651 781 742 853 μνῆμα
774 783 972 852 παρεπέμπετο,
1005 780 1050 835 καλ
1074 780 1154 854 δᾷδες
1189 779 1219 834 αἱ
1250 775 1280 835 τά

53 865 186 944 γαμήλιον
207 864 383 940 ἐκλάμψασαν
404 867 471 938 φῶς,
494 853 576 922 αὗται
597 868 641 922 καλ
664 864 711 936 την
732 864 883 936 ἐπικήδειον
907 863 1044 941 πυρκαϊάν
1066 869 1178 940 ἐξῆψαν.

215 998 300 1079 Quis
333 1019 403 1064 non
435 1001 532 1084 videt
562 1000 630 1063 hoc
662 1004 774 1065 totum
806 1002 890 1064 nihil
922 1020 1000 1065 esse
1031 1002 1095 1064 nisi
1128 1020 1282 1082 pannum

52 1090 233 1155 Heliodori
263 1090 455 1153 narrationi
487 1089 669 1153 assutum?
707 1090 849 1154 Poterat
873 1091 1003 1153 misera
1025 1091 1086 1154 illa
1111 1088 1281 1154 Chariclis

53 1181 127 1243 filia
148 1179 401 1261 percommode
425 1198 489 1241 sua
513 1184 625 1242 morte
650 1179 800 1260 defungi,
831 1180 893 1242 scd
919 1197 1063 1242 necesse
1093 1183 1169 1242 erat
1203 1197 1283 1243 cam

55 1269 100 1331 dc
124 1269 221 1331 coelo
238 1269 346 1370 tangi}
362 1286 407 1332 ne
423 1268 512 1330 haec
529 1269 706 1330 contraria
722 1269 871 1350 scriptor
888 1269 1080 1331 amitteret:
1106 1264 1282 1352 ,ὑμέναιον

57 1389 96 1400 -
122 1353 258 1436 θρῆνος,
281 1347 349 1416 σἰπο
372 1354 437 1416 τῶν
460 1345 639 1415 παστάδων
663 1392 701 1399 ——
732 1355 783 1418 aa
815 1345 853 1417 τδ
886 1355 1013 1437 μνῆμα,
1048 1345 1086 1418 τὸ
1117 1350 1279 1438 γαμήλιον

55 1445 127 1532 φῶς
148 1482 176 1493 -
191 1443 250 1524 την
273 1437 454 1524 ἐπικήδειον
476 1438 667 1524 αυρκαϊάυ“.
700 1444 797 1525 (Eius
821 1445 954 1524 figurae
972 1463 1052 1506 cum
1069 1447 1279 1522 acerrimum

57 1539 263 1598 narratorem
287 1553 365 1598 esse
390 1552 468 1596 oum
491 1535 670 1615 permultis
688 1533 763 1595 aliis
780 1533 865 1596 locis
882 1536 956 1595 tum
974 1551 1025 1615 eo,
1051 1534 1143 1614 quod
1159 1535 1280 1597 scribit

54 1642 136 1705 pag.
160 1623 235 1704 310,
264 1624 302 1685 12
327 1641 377 1704 sq.
402 1623 505 1686 facile
530 1623 701 1705 apparet.)
749 1619 851 1700 Quod
875 1640 960 1685 vero
991 1623 1066 1704 ipse
1097 1627 1199 1703 pater
1223 1623 1281 1686 du-

56 1712 155 1791 bitat,
178 1720 294 1775 utrum
317 1713 423 1776 liliam
449 1712 491 1775 de
516 1713 614 1775 caclo
640 1714 772 1774 tactam
796 1729 841 1773 an
863 1711 944 1791 igne
962 1712 1185 1793 absumptam
1202 1730 1281 1776 esse

59 1799 195 1880 credat,
228 1801 319 1881 quod
343 1802 386 1864 de
410 1802 513 1864 filiae.
533 1801 658 1864 marito
692 1800 773 1881 quid
802 1800 935 1863 factum
968 1801 1021 1881 sit,
1055 1800 1145 1864 sitne
1178 1802 1280 1865 simul

59 1889 259 1952 combustus
281 1908 403 1969 nocue,
428 1889 512 1952 nihil
535 1908 621 1954 sanc
645 1888 877 1969 comperimus
884 1937 892 1970 ‚
925 1889 1080 1953 eiusdem
1104 1892 1283 1953 temerita-

56 1977 100 2039 tis
125 1987 188 2058 est,
212 1995 282 2059 qua
305 1979 340 2041 in
362 1979 532 2042 imitanda
555 1978 796 2059 Xenophontis
822 1978 864 2040 de
888 1977 1055 2058 Aegialeo
1079 1979 1280 2042 narratione

56 2065 283 2130 Heliodorum
306 2085 406 2130 usum
430 2086 537 2148 supra
563 2068 720 2132 vidimus.
768 2064 870 2146 Quod
902 2067 1136 2148 suspicionem
1161 2073 1281 2131 movet

58 2155 260 2236 exemplum
283 2154 426 2238 Epliesii
449 2157 554 2220 etiam
577 2156 645 2220 hoc
668 2157 745 2219 loco
770 2155 934 2219 valuisse.

220 2474 335 2557 Quam
358 2478 429 2541 late
454 2483 571 2542 autem
595 2497 638 2541 ea
661 2478 806 2541 imitatio
837 2481 973 2559 pateat,
1006 2478 1104 2541 multi
1138 2479 1195 2541 alii
1219 2479 1285 2543 No-

58 2568 213 2628 strorum
246 2583 434 2630 consensus
459 2568 586 2653 docent
610 2568 722 2630 minus
747 2567 820 2648 apti
842 2567 888 2630 ad
904 2567 1113 2630 senteutiam
1131 2572 1285 2632 nostram

59 2653 369 2737 comprobandam,
396 2674 441 2719 ex
465 2657 588 2738 quibus
606 2674 665 2719 eos
682 2656 900 2737 potissimum
917 2656 1135 2719 annotandos
1152 2659 1284 2739 putavi,

59 2743 184 2824 quibus
208 2742 299 2806 inter
322 2760 360 2807 se
384 2750 615 2826 congruentes
641 2763 720 2808 cum
744 2745 869 2808 ceteris
902 2744 1041 2807 erotiois
1075 2745 1284 2828 discrepant.

61 2829 164 2895 Velut
199 2831 294 2913 apud
327 2851 446 2898 omnes
479 2835 695 2898 fabulatores
726 2834 875 2896 eroticos
910 2852 1163 2915 saepenumero
1198 2837 1287 2900 alter

63 2921 254 2984 amantium
279 2923 475 2986 absentiam
500 2924 642 2986 alterius
667 2927 702 2987 et
725 2924 885 2986 fortunae
914 2923 1132 3004 iniquitatem
1157 2925 1287 2988 lamen-

61 3010 164 3071 tatur.
197 3009 266 3074 Sed
290 3030 355 3074 eae
371 3011 640 3076 lamentationes
665 3012 758 3093 apud
775 3011 919 3074 Nostros
937 3012 1026 3074 inter
1043 3031 1081 3075 sc
1100 3014 1288 3077 admodum

60 3097 192 3160 similes
215 3104 304 3180 suut,
330 3120 351 3162 a
376 3101 501 3164 ceteris
525 3103 672 3164 multum
701 3101 871 3164 differunt.
921 3099 1024 3164 Certo
1058 3102 1198 3182 quidem
1232 3122 1290 3183 gc-

60 3186 165 3250 mitus
189 3191 224 3251 ct
271 3189 413 3252 uerelae
438 3188 634 3270 Theogenis
651 3190 785 3253 Heliod.
808 3209 888 3270 pag.
906 3190 958 3252 42.
991 3189 1141 3254 Anthiae
1160 3192 1289 3255 lamen-

62 3275 230 3339 tationem
290 3295 344 3339 en.
368 3295 449 3358 pag.
474 3279 539 3342 365
563 3279 723 3342 redolere
747 3279 928 3342 videntur:

275 3419 363 3484 ch.
382 3422 592 3503 pag.3f)5,4
624 3411 784 3497 ιδφιλτάτη
815 3449 862 3498 μοι
893 3427 987 3482 πασῶν
1005 3416 1177 3501 Ἀβροκάμσυ
1210 3424 1290 3500 ψυχή.

149 3521 229 3585 pag.
246 3507 321 3590 367,
342 3508 381 3571 12
406 3501 426 3571 ὦ
451 3509 584 3585 φιλτάτου
602 3511 777 3590 Ἅβρακάμσυ
801 3513 880 3589 ψυχή.

275 3631 409 3697 Hefiod.
435 3652 515 3714 pag.
540 3634 593 3715 42,
619 3633 662 3696 20
684 3633 745 3705 ἥξω,
771 3633 886 3708 φιλτάτη
908 3635 986 3712 ψυχά,

276 3771 363 3840 ΧθΙΙ.
387 3796 467 3859 pag.
492 3777 567 3860 365,
592 3778 612 3841 6
639 3782 721 3855 μηδέν
743 3803 769 3835 τι
792 3776 856 3856 ὑπὲρ
880 3784 948 3856 ἐμοῦ
969 3783 1104 3857 λυπηθῇς,
1129 3779 1162 3840 οὗ
1183 3778 1237 3859 γάρ
1255 3778 1289 3841 άν

148 3885 216 3964 ποτε
246 3864 346 3966 {ropac
378 3865 537 3944 άδιιιὴσαιμλ
566 3886 613 3928 σε·
653 3867 797 3943 ἐλεύσομαι
834 3871 880 3927 καὶ
909 3875 985 3948 μέχρι
1017 3871 1146 3930 θανάτου
1175 3877 1290 3948 μείνασα

150 3971 243 4024 νυμφη
265 3970 308 4020 οη.

275 4062 410 4128 Heliod.
428 4084 507 4146 pag.
525 4066 614 4147 42st
640 4085 690 4149 sq.
724 4064 835 4145 θάρσει,
864 4066 963 4125 πιστὸν
985 4070 1050 4139 λ’χεις
1072 4067 1120 4126 τὸν
1143 4069 1296 4141 fodcum·

149 4146 279 4233 άπολήψη
299 4177 333 4228 με
352 4151 451 4232 μικρὸν
472 4153 594 4235 ὕστερον.
