2784 4456
635 39 794 114 A.

105 210 238 275 temere
263 211 297 274 et
319 206 576 274 inconsiderate
600 213 635 273 et
662 209 727 292 sic,
761 213 798 273 ut
828 209 925 273 illam
948 205 1090 291 Ephesii
1114 202 1339 274 suavitatem

105 302 140 362 et
164 299 382 364 dulcedinem
406 317 628 381 nequaquam
652 298 876 380 adaequaret.
909 298 985 361 lam
1002 298 1087 362 satis
1109 298 1338 363 demonstra-

104 391 178 451 tum
201 407 279 452 esse
303 392 386 471 puto
415 406 528 469 neque
562 387 658 451 casui
682 390 816 450 tantam
847 386 1103 451 similitudinem
1135 387 1259 450 deberi
1302 391 1340 452 et

104 475 331 541 Heliodorum
355 496 419 541 sua
443 496 463 540 e
486 476 719 558 Xenophonte
743 476 895 557 petiisse.

260 681 381 761 Neque
405 684 523 744 tamen
547 681 699 744 alienum
728 682 772 744 sit
795 700 816 744 a
839 681 1017 762 proposito
1043 680 1086 743 de
1110 678 1334 760 gravissimo

103 770 254 851 quodam
278 773 483 850 argumento
507 771 629 851 paucis
654 770 825 835 disserere
854 771 889 833 in
920 788 1051 850 genere
1084 767 1264 831 scribendi
1302 773 1339 834 et

101 858 185 940 ipsis
230 858 376 940 ingeniis
419 858 625 923 Nostrorum
667 859 800 941 posito,
846 858 891 923 ad
927 859 1018 940 quod
1062 876 1141 920 cum
1184 858 1339 938 saepius

102 948 352 1011 recurrendum
382 965 459 1011 esse
483 946 640 1028 videam,
672 952 745 1010 turn
777 966 948 1030 nusquam
979 946 1061 1010 mihi
1093 947 1171 1028 plus
1202 946 1339 1012 valere

100 1036 249 1117 videtur,
274 1054 379 1118 quam
402 1037 580 1100 hocloco
624 1035 782 1117 Namque
806 1035 947 1117 Ephesii
969 1036 1135 1117 narratio,
1161 1037 1338 1116 quamvis

101 1125 145 1188 sit
179 1125 280 1189 exilis
314 1130 348 1190 et
383 1126 549 1190 destituta
577 1125 800 1207 ornamentis
824 1125 984 1190 nativam
1008 1125 1196 1206 quandam¹
1209 1127 1247 1186 et
1272 1144 1338 1207 ge-

99 1214 243 1278 nuinam
266 1215 376 1297 spirat
401 1218 625 1278 venustatem
656 1220 691 1277 et
719 1233 759 1277 eo
784 1214 859 1295 ipso
883 1213 1011 1295 placet,
1037 1213 1128 1294 quod
1151 1231 1223 1276 una
1249 1215 1337 1280 sirn-

99 1303 256 1383 plicitate
288 1305 373 1368 nixa
406 1321 546 1367 omnem
577 1303 695 1366 fucum
728 1302 940 1366 rhetoricum
976 1305 1193 1397 aspernatur.
1250 1301 1336 1383 Quo

98 1390 146 1474 fit,
170 1399 207 1456 ut
230 1393 379 1457 libenter
403 1393 598 1474 credamne,
633 1392 668 1455 id
698 1393 790 1473 quod
813 1392 962 1474 scriptor
985 1391 1084 1455 nobis
1107 1392 1336 1472 persuadere

98 1481 190 1564 vult,
223 1481 428 1564 Aegialeum
458 1481 670 1563 piscatorem
704 1480 738 1544 in
770 1499 907 1544 summa
939 1484 1148 1562 paupertate
1180 1479 1334 1548 beatam

98 1569 227 1652 degere
251 1577 415 1636 aetatem.

256 1774 387 1841 Contra
408 1775 626 1857 Heliodorus,
651 1775 680 1838 si
704 1775 750 1838 ad
772 1776 1009 1839 narrationem
1026 1776 1100 1839 eius
1119 1776 1333 1845 nniversam

96 1868 307 1947 spectamus,
331 1865 457 1947 frigida
481 1864 633 1946 quadam
658 1863 817 1945 displicet
840 1864 1046 1945 garrulitate
1069 1869 1103 1929 et
1120 1883 1161 1928 eo
1184 1873 1332 1954 peccat,
1383 1884 1385 1893 ·

96 1955 189 2035 quod
211 1954 489 2018 mediocritatem
514 1953 678 2016 orationis
696 1955 817 2017 tenere
836 1953 956 2017 nescit.
998 1953 1074 2034 Quo
1099 1955 1146 2034 fit,
1172 1959 1219 2036 ut,
1246 1958 1332 2022 sive

96 2044 250 2108 acriores
286 2044 391 2107 animi
431 2042 681 2107 commotiones
724 2042 801 2105 sive
841 2042 1033 2107 teneriores
1077 2043 1224 2107 affectus
1269 2045 1331 2110 de-

94 2132 239 2214 pingere
264 2136 418 2214 conatur,
444 2135 504 2196 aut
528 2130 752 2212 ampullando
778 2131 928 2194 tumidus
945 2137 1004 2195 aut
1022 2131 1152 2195 insulse
1171 2131 1331 2199 iocando

94 2221 232 2303 ineptus
256 2222 326 2286 fiat.
373 2221 428 2285 De
451 2220 519 2284 boc
542 2219 695 2282 maximo
727 2219 800 2283 eius
830 2221 959 2301 ingenii
982 2221 1066 2285 vitio
1090 2219 1212 2284 Rohde
1236 2240 1326 2306 pag.

93 2310 159 2374 449
184 2311 334 2375 dilucide
359 2310 560 2392 disputavit.
1231 2310 1234 2315 ’

253 2505 367 2586 Quam
379 2511 477 2570 recte
490 2510 608 2568 autem
626 2503 681 2567 vir
701 2504 919 2568 doctissimus
939 2504 1156 2585 iudicaverit,
1173 2514 1327 2585 praeter

94 2596 180 2659 alios
204 2596 261 2659 hic
284 2595 444 2659 declarat
466 2596 573 2657 locus.
605 2593 810 2674 Priusquam
836 2593 926 2656 enim
951 2594 1098 2674 scriptor
1121 2610 1185 2656 nos
1209 2594 1325 2664 intro-

93 2685 198 2748 ducat
229 2686 263 2747 in
295 2702 416 2748 casam
449 2682 622 2764 Tyrrheni
653 2687 688 2745 et
719 2683 818 2745 nobis
851 2682 961 2746 vitam
992 2682 1135 2745 beatam
1165 2681 1324 2753 hominis

92 2775 235 2854 egentis,
261 2775 323 2837 sed
347 2772 501 2836 contenti
526 2771 697 2852 ostendat,
723 2770 940 2852 Tyrrhenum
965 2788 1075 2852 prope
1099 2771 1243 2836 surdum
1272 2778 1324 2842 in-

91 2862 185 2926 ducit
209 2867 244 2926 et
268 2861 403 2925 scurrili
428 2860 599 2940 colloquio
623 2860 730 2941 ipsius
756 2866 790 2924 et
812 2859 1013 2924 Calasiridis
1037 2860 1143 2923 risum
1168 2878 1325 2933 movere

91 2957 245 3015 conatur.
277 2952 376 3015 Idem
400 2949 523 3030 frigide
547 2948 686 3012 iocandi
709 2967 916 3030 perversum
940 2949 1091 3011 studium
1108 2948 1196 3011 alias
1213 2955 1324 3022 nobis

90 3041 250 3121 occurrit,
276 3058 355 3103 cum
380 3038 528 3119 scriptor
552 3042 612 3101 aut
636 3037 867 3101 admiratione
897 3042 956 3101 aut
980 3036 1221 3101 misericordia
1245 3040 1324 3110 lec-

88 3130 173 3192 toris
198 3130 352 3193 animum
376 3130 560 3208 percutere
584 3127 679 3190 vult:
702 3128 886 3208 'nunquam
914 3127 988 3189 fere
1011 3144 1081 3188 non
1105 3125 1212 3188 officit
1237 3132 1322 3218 sibi,

90 3234 169 3281 cum
192 3218 311 3282 nescio
337 3216 510 3297 quomodo
533 3215 702 3278 insulsum
727 3216 856 3297 aliquid
888 3220 922 3279 et
954 3215 1088 3297 puerile
1119 3220 1324 3289 narrationi

89 3307 269 3371 admiscet.
318 3305 409 3369 Satis
435 3305 499 3368 erit
523 3322 585 3386 pro
610 3304 727 3367 multis
746 3305 915 3385 exemplis
934 3322 1038 3367 unum
1055 3303 1191 3384 afferre,
1218 3315 1322 3388 quod

87 3395 213 3478 legitur
236 3413 316 3477 pag.
337 3393 408 3475 187,
428 3394 457 3456 9.
492 3393 708 3473 Theagenes,
732 3394 934 3457 incredibile
960 3393 1063 3472 dictu,
1089 3389 1321 3467 Charicleam

86 3485 292 3549 redeuntem
316 3484 408 3547 etin
432 3483 541 3545 amati
565 3481 768 3562 amplexum
792 3482 1017 3546 advolantem
1048 3498 1119 3544 non
1147 3491 1316 3560 agnoscit

87 3576 122 3638 et
138 3574 250 3656 alapis
270 3573 407 3654 repellit
431 3567 486 3646 (ὡς
510 3572 706 3656 ἐνοχλοῦσαν
729 3573 783 3634 καὶ
808 3572 847 3662 τῇ
871 3575 938 3652 θέᾳ
961 3622 967 3634 .
992 3619 998 3632 .
1022 3620 1028 3632 .
1052 3560 1200 3655 ἐμποδὼν
1224 3575 1319 3642 iota.

84 3662 185 3744 μένην
208 3659 262 3723 καὶ
286 3657 514 3743 διερῥάπισεν).

243 3855 366 3936 Itaque
399 3855 561 3936 scriptori
592 3873 662 3917 non
695 3853 880 3936 contingit,
914 3857 949 3917 ut
978 3853 1101 3918 lectori
1134 3854 1315 3935 Tyrrheni

85 3943 234 4007 studium
258 3944 386 4008 iniciat.
433 3942 554 4024 Neque
581 3961 664 4007 vero
694 3949 899 4024 comparata
923 3942 1100 4007 Heliodori
1131 3945 1166 4006 et
1189 3942 1311 4012 Xeno-

84 4032 222 4114 phontis
245 4034 447 4097 narratione
471 4033 514 4095 de
538 4032 721 4114 piscatoris
741 4031 902 4114 hospitio,
927 4032 1063 4096 etiamsi
1088 4050 1131 4095 ea
1155 4035 1313 4102 certiora

82 4121 211 4185 indicia
240 4122 417 4202 deessent,
451 4139 541 4202 quae
572 4126 714 4203 praesto
748 4139 826 4185 esse
850 4121 1017 4201 vidimus,
1051 4121 1193 4184 dubium
1227 4141 1312 4191 esse

56 4210 215 4289 poterat,
244 4214 326 4273 uter
349 4214 466 4276 utrum
490 4210 703 4277 imitandum
727 4210 796 4275 sibi
815 4210 1071 4293 proposuisset.
