2784 4456
667 82 709 148 21

233 276 302 341 Sed
324 279 361 341 ut
386 295 559 343 summam
585 295 704 341 earum
729 277 881 341 omnium
905 295 1022 341 rerum
1046 278 1193 345 sociam:
1226 298 1296 343 non

73 368 187 431 solum
216 366 427 430 imitatorem
459 366 715 447 Xenophontis,
749 366 812 429 sed
844 383 889 431 ne
921 366 1059 432 felicem
1091 368 1230 450 quidem
1260 369 1296 432 in

74 455 241 521 imitando
265 455 493 521 Heliodorum
517 473 595 523 esse
619 453 810 539 apparet.¹)

233 753 319 817 Sunt
344 755 461 816 autem
494 752 564 815 alia
597 752 784 833 quaedam,
819 752 941 834 quibus
970 752 1143 816 sententia
1173 760 1294 819 nostra

72 842 307 906 confirmatur.
337 841 499 923 Inprimis
521 840 590 905 huc
611 841 788 922 pertinere
806 841 965 921 arbitror,
991 858 1081 922 quae
1100 841 1294 924 Xenophon

71 930 179 996 habet
193 932 236 995 de
249 931 318 994 fide
331 930 521 994 amantium
533 930 755 994 iureiurando
769 933 803 993 et
815 929 957 995 foedere
971 929 1186 1013 confirmata,
1201 933 1293 1014 quod

69 1024 213 1101 pactum
242 1020 370 1083 ineius
398 1019 599 1083 narratione
621 1019 812 1082 identidem
839 1023 1141 1083 commemoratur.
1180 1021 1292 1086 Prius-

70 1127 176 1190 quam
193 1109 285 1172 enim
301 1108 395 1172 mala
411 1112 445 1172 et
461 1107 618 1190 pericula
634 1108 827 1172 amantium
843 1126 1009 1172 enarrare
1025 1108 1177 1190 incipiat,
1195 1110 1292 1192 fingit

71 1215 132 1261 eos
155 1197 363 1277 gravissimo
386 1197 609 1261 iureiurando
633 1197 723 1261 inter
746 1215 784 1261 se
816 1197 1086 1279 obstringenteS,
1120 1216 1158 1262 se
1187 1199 1292 1264 tidem

71 1286 220 1368 coniugii
242 1287 277 1350 in
300 1289 508 1368 perpetuum
531 1286 737 1350 inviolatam
767 1290 970 1351 servaturos
1001 1305 1114 1368 neque
1138 1306 1292 1371 unquam

69 1393 163 1438 novo
188 1376 298 1439 amori
322 1394 400 1439 sese
425 1375 601 1439 dedituros
626 1393 714 1458 esse,
739 1376 769 1439 si
791 1377 901 1439 fatum
925 1376 1025 1455 ferat,
1051 1379 1087 1438 ut
1111 1395 1181 1439 una
1196 1381 1290 1442 aeta-

69 1466 141 1528 tem
165 1482 272 1545 agere
294 1467 481 1545 nequeant.
515 1462 602 1527 Cum
626 1482 712 1528 vero
735 1464 820 1528 nihil
843 1464 937 1528 aliud
962 1468 1045 1545 agat
1068 1468 1141 1528 toto
1160 1466 1289 1550 libello,

68 1553 134 1616 nisi
157 1558 194 1615 ut
218 1553 419 1634 exemplum
442 1553 519 1617 veri
551 1561 585 1617 et
613 1553 804 1635 incorrupti
828 1555 956 1618 amoris
980 1554 1080 1617 nobis
1105 1561 1288 1640 proponat,

69 1642 249 1723 aptissime
281 1642 517 1706 narrationem
551 1642 600 1705 ita
634 1643 814 1707 instituere
846 1643 994 1708 videtur.
1050 1642 1190 1707 Scilicet
1223 1644 1290 1709 hoc
1362 1651 1366 1659 '

67 1730 305 1794 iusiurandum
328 1731 428 1812 quasi
450 1731 664 1812 praesidium
695 1731 887 1796 amantium
919 1750 997 1796 esse
1028 1732 1116 1814 vult,
1149 1752 1215 1813 quo
1251 1753 1289 1799 se

66 1822 229 1883 tueantur
252 1821 296 1884 ab
319 1819 494 1885 illecebris
510 1821 620 1884 illiciti
636 1820 764 1883 amoris
781 1826 816 1884 et
837 1840 859 1885 a
875 1821 976 1885 minis
992 1821 1169 1885 hominurn
1186 1841 1286 1904 prae-

63 1909 267 1990 potentium,
292 1909 327 1972 in
344 1927 490 1990 quorum
503 1926 626 1972 manus
638 1909 791 1973 incasuri
802 1914 891 1973 sunt.
928 1910 971 1974 Et
982 1911 1132 1993 primum
1146 1912 1286 1993 quidem

63 1998 180 2061 inrant
205 1998 350 2062 vixdum
376 1997 514 2080 Epheso
538 1997 698 2079 profecta
720 2016 828 2079 nave,
853 1998 1023 2080 Apollinis
1048 1998 1186 2064 sinistro
1212 2019 1288 2066 ora-

65 2088 158 2170 culo,
189 2087 325 2169 opinor,
354 2087 543 2168 perterriti,
574 2086 710 2149 etiamsi
732 2086 901 2151 nihildum
925 2088 1070 2168 periculi
1094 2092 1165 2152 est:
1198 2090 1286 2156 Xen.

64 2193 143 2258 pag.
165 2176 241 2256 340,
259 2175 301 2239 23
326 2194 365 2254 sq
370 2224 509 2239 .....
535 2167 577 2239 ἀν
600 2170 630 2238 δ’
659 2169 724 2261 ἀρα
747 2201 780 2240 τι
802 2167 822 2269 ᾖ
845 2182 1052 2261 πεπρωμένον
1076 2184 1210 2258 παθεῖν,
1232 2188 1291 2248 καί

64 2291 131 2344 πως
158 2263 309 2350 ἀλλήλων
337 2263 589 2350 ἀπαλλαγῶμεν,
618 2265 786 2355 ὀμόσωμεν
816 2277 956 2347 ἑαυτοῖς,
984 2267 1142 2359 ῳιλτάτη.
1174 2272 1216 2353 ὠς
1248 2271 1288 2344 σά

59 2363 119 2443 μὲν
141 2367 210 2448 ἐμοὶ
231 2375 335 2448 μενεῖς
356 2355 440 2447 ἁγνὴ
463 2366 517 2428 καὶ
540 2357 641 2431 ἀλλον
664 2359 769 2452 ἀνδρα
797 2361 855 2452 οὐχ
879 2362 1060 2452 ὑπομενεῖς,
1083 2364 1143 2452 ἐγὼ
1170 2370 1204 2437 δὲ
1235 2367 1288 2439 ὅτι

62 2449 122 2520 οἰκ
143 2454 185 2522 ἀν
207 2453 289 2551 ἀλλη
317 2460 447 2542 γυναικὶ
476 2454 706 2543 συνοικήσαιμι
729 2509 858 2525 .....
880 2457 933 2538 Ὡς
964 2455 1073 2544 ὀμνύω
1096 2470 1131 2546 με’
1150 2487 1203 2531 σοι
1227 2462 1287 2548 την

64 2543 200 2634 πάτριον
224 2550 299 2638 ἡμῖν
322 2546 421 2633 θεὸν,
450 2544 511 2635 τὴν
532 2548 676 2638 μεγάλην
696 2550 852 2642 Ἐηεσίων
877 2551 1043 2640 Ἄρτεμιν,
1075 2561 1129 2623 καὶ
1160 2557 1287 2643 ταίτην

62 2637 103 2723 ἣν
126 2641 300 2731 διανάομεν
322 2642 504 2714 θάλατταν
526 2651 580 2713 καὶ
609 2642 666 2715 τὸν
696 2645 738 2715 ἐπ’
767 2645 928 2732 ἀλλήλους
956 2647 1042 2734 ἡμᾶς
1064 2657 1171 2731 καλῶς
1193 2652 1285 2739 ὲκμή·

60 2762 167 2803 νοντα
193 2735 284 2818 θεόν,
307 2739 349 2818 ὡς
370 2736 430 2825 ὲγώ
449 2746 504 2808 καὶ
525 2739 632 2830 βραχύ
657 2770 688 2809 τι
711 2740 971 2812 ἀποσπασθεῖσα
1005 2750 1065 2812 σοῦ
1098 2743 1173 2816 οὔτε
1197 2746 1285 2832 ζησο·

58 2858 120 2917 μαι
145 2827 219 2900 οὔτε
247 2829 302 2901 τὸν
331 2833 421 2916 ἥλιον
453 2831 590 2924 ὄψομαι.
641 2842 757 2905 Ταῑτα
785 2844 889 2922 ἔλεγεν
919 2838 938 2922 ἡ
965 2845 1107 2908 ’Ἄνθεια
1137 2840 1283 2929 ἐπώμνυε

60 2929 94 2992 δὲ
130 2931 185 2993 καὶ
221 2925 238 2994 ὁ
267 2925 479 3017 Ἀβροκόμης,
517 2936 570 2997 καὶ
610 2930 627 2999 ὁ
655 2928 766 3022 καιρὸς
800 2932 910 3001 αὐτῶν
936 2943 1034 3003 ἐποίει
1066 2931 1142 3015 τοὶς
1170 2936 1285 3027 ὅρκους

59 3024 311 3112 φοβερωτέρους.

217 3186 332 3250 Primo
358 3193 474 3253 autem
497 3191 657 3256 fortunae
680 3193 812 3274 impetu
844 3193 879 3256 in
911 3213 971 3259 eos
994 3198 1088 3260 facto
1112 3200 1279 3267 iusiuran-

63 3275 144 3338 dum
168 3280 342 3340 renovant
358 3280 393 3341 et
410 3279 630 3344 confirmant:
655 3301 734 3364 pag.
748 3282 857 3362 atae
882 3282 1003 3345 ἔκειντο
1027 3277 1158 3369 ἄθυμοι
1183 3340 1188 3351 .
1214 3335 1221 3351 .
1245 3336 1252 3352 .
1276 3339 1282 3353 .

61 3360 188 3444 συνεχὲς
211 3354 387 3445 ὀμνίοντες
410 3357 558 3447 τηρήσειν
584 3356 623 3429 τά
647 3370 844 3451 συγκείμενα.
885 3371 926 3433 cf.
945 3372 1050 3436 etiarn
1068 3392 1147 3456 pag.
1161 3377 1236 3460 347,
1251 3379 1281 3443 9.

59 3448 179 3526 ταχέως
201 3472 232 3511 τι
257 3449 321 3512 τῶν
342 3442 445 3535 ὅρκων
472 3445 787 3538 (ἀναμνησθῆναιὲ)
811 3448 1079 3538 ἀναγκαζόμεθα.

67 3613 265 3627 -Ἣ

90 3787 95 3800 Ι
166 3787 172 3800 .
219 3721 238 3788 ¹)
264 3720 334 3780 Cum
358 3726 532 3785 Nostrorum
556 3730 725 3787 narratione
751 3734 963 3805 comparandus
990 3743 1037 3792 eet
1065 3735 1147 3792 loeus
1176 3736 1279 3795 similis

57 3787 209 3873 llrstorrae
240 3792 400 3879 Apollonii,
425 3799 505 3871 regis
534 3799 615 3872 Tyri,
644 3802 689 3858 ed.
709 3802 798 3859 Riese
826 3823 890 3876 pag.
912 3808 953 3875 lt,
976 3810 986 3860 l
1008 3824 1050 3879 sq.
1088 3807 1228 3865 Piscator
1247 3815 1279 3866 ut

57 3858 131 3916 vrdrt
149 3876 240 3944 prima
261 3878 359 3933 speeie
380 3867 512 3951 iuvenem
532 3873 654 3944 pedibus
675 3873 734 3929 suis
754 3883 942 3946 prostratum,
962 3877 1162 3936 misericordia
1180 3889 1277 3938 motus

55 3930 171 3988 levavrt
191 3948 255 4016 eum
275 3939 306 3990 et
324 3942 552 3998 tenuttmauum
572 3944 634 3999 eius
660 3951 691 4001 et
719 3945 836 4003 duxit
865 3948 976 4005 infra
1002 3955 1157 4006 tectum
1219 3968 1279 4008 au-

56 4008 244 4089 portatis
270 4021 367 4063 suae
391 4016 430 4094 et⁸
446 4013 545 4082 posuit
563 4014 674 4085 epulas,
694 4032 766 4087 quas
786 4019 889 4088 potuit.
928 4019 967 4076 nt
986 4028 1018 4076 ut
1037 4021 1151 4091 plenius
1171 4024 1288 4089 pretet&

56 4088 127 4128 suae
146 4079 346 4147 satistaoeret,
366 4088 446 4136 exuit
465 4098 497 4138 se
516 4083 677 4143 tribunario
702 4094 733 4143 et
752 4087 782 4144 iu
800 4088 879 4145 duas
894 4101 1007 4160 partes
1028 4090 1128 4142 stude
1153 4086 1313 4147 amm

55 4142 193 4216 deditque
212 4163 298 4205 unam
316 4149 415 4209 iuveni
433 4151 548 4214 dicens:
578 4155 656 4216 tolle
701 4159 886 4218 uouuaueo
910 4165 947 4215 et
972 4157 1059 4213 sade
1080 4154 1124 4204 xxx
1148 4148 1343 4199 exse-„suma

53 4213 94 4270 ibi
110 4213 234 4276 Μεθ’]
251 4220 396 4297 fsslflffl‘ssis
416 4225 467 4301 (lui
485 4226 757 4291 misereaturtmi·
778 4230 812 4291 st
827 4247 897 4288 non
909 4205 1368 4285 tuusuereeeerffiffl*

42 4283 212 4359 ΡΜΡΘΜΒ
231 4307 431 4378 quaeeunque
453 4307 505 4362 est
525 4301 671 4369 sufficiet
688 4306 806 4380 uenam
831 4311 994 4359 meeum
1013 4267 1281 4363 §mmm
