2784 4456
679 39 699 78 O

76 210 260 291 probabile
283 209 375 272 fecit.
408 246 452 254 -
483 209 581 273 idem
613 209 868 274 demonstravit
898 211 933 273 in
961 209 1174 291 Aethiopicis
1208 213 1316 275 nulla

77 316 219 379 prorsus
252 299 402 362 inveniri
434 299 599 380 vestigia,
646 317 736 379 quae
769 299 963 362 indicarent
999 305 1180 363 auctorem
1216 301 1311 382 legis

79 386 298 452 Christianae
321 387 513 451 studiosum
537 384 684 464 fuisse.¹)

237 531 359 611 Neque
383 548 469 593 vcro
493 530 576 593 mihi
599 529 816 611 propositum
840 536 894 594 est
922 549 965 594 ea
989 535 1198 611 argumenta
1223 551 1311 596 exa-

77 619 212 683 minare
244 623 278 683 et
310 619 353 683 de
377 619 624 700 probabilitate
649 619 864 700 singulorum
889 620 1076 684 disserere:
1108 620 1175 683 hoc
1199 639 1313 685 unum

78 709 254 772 monuisse
278 709 364 771 satis
388 708 517 791 habeo,
549 708 716 790 quidquid
749 727 793 772 ex
826 713 972 790 utroque
1002 709 1173 790 scriptore
1205 728 1313 792 sepa-

78 798 182 861 ratim
199 798 243 861 de
260 801 378 861 aetate
396 815 517 862 eorum
535 797 651 879 colligi
667 797 787 879 possit,
813 816 903 879 quae
919 799 1048 862 indicia
1064 816 1178 879 neque
1195 801 1315 864 multa

78 904 192 967 neque
217 886 407 949 admodum
431 891 528 950 certa
553 904 631 951 esse
649 887 814 967 concedo,
840 888 989 950 adeam
1014 889 1225 951 sententiam
1244 908 1315 953 nos

78 975 283 1057 perducere,
309 979 346 1039 ut
369 975 640 1057 Xenophontem
657 975 846 1057 Ephesium
862 976 1051 1041 Heliodoro
1069 980 1187 1042 aetate
1210 983 1315 1044 ante-

82 1065 231 1129 cessisse
256 1065 450 1129 credamus.

240 1223 291 1287 Ea
315 1223 489 1287 sententia
513 1224 543 1287 si
565 1242 655 1288 vera
678 1228 740 1306 ost,
766 1224 841 1287 fieri
856 1243 925 1287 non
941 1243 1047 1306 posse
1064 1225 1198 1308 credas
1226 1229 1317 1309 quin

80 1312 130 1376 eis
155 1313 382 1394 scriptoribus
412 1312 502 1376 inter
533 1331 571 1376 se
602 1316 636 1376 et
668 1332 746 1376 cum
779 1313 904 1377 ceteris
938 1314 1076 1378 creticis
1108 1318 1317 1383 accuratius

80 1401 216 1465 collatis
241 1402 472 1465 confirmetur.
525 1401 671 1466 Constat
704 1403 796 1466 enim
827 1421 906 1466 cum
937 1421 1058 1467 omnes
1090 1405 1317 1472 fabulatores

83 1491 247 1573 creticos,
277 1510 345 1555 uno
369 1492 519 1555 fortasse
544 1490 664 1572 Longo
690 1496 856 1573 excepto,
888 1493 999 1555 multa
1027 1493 1133 1556 alium
1162 1493 1207 1556 ab
1240 1497 1316 1562 alio

80 1582 256 1643 mutuatos
281 1599 369 1661 esse,
394 1585 467 1643 tum
484 1580 726 1661 Xenophontis
744 1585 778 1644 et
794 1581 973 1644 Heliodori
993 1586 1067 1645 tam
1083 1582 1211 1646 multos
1230 1603 1318 1651 esse

83 1687 283 1751 consensus,
309 1672 345 1733 ut
368 1669 570 1732 imitationis
594 1671 683 1732 ratio
707 1670 797 1733 inter
822 1687 882 1734 eos
898 1671 1117 1735 intercedere
1134 1672 1316 1740 videatur.

241 1827 311 1892 Sed
333 1830 469 1891 tantum
494 1829 605 1909 abest,
630 1832 667 1892 ut
690 1829 758 1892 viri
782 1829 876 1893 docti
898 1829 1106 1894 adiumentis
1122 1830 1203 1894 inde
1221 1836 1317 1912 peti-

80 1917 123 1980 tis
148 1917 389 1998 quaestionem
412 1919 618 1998 persolvere
643 1919 760 1982 conati
783 1918 866 2000 sint,
891 1922 928 1982 ut
953 1937 996 1983 ea
1018 1938 1076 1983 res
1100 1920 1176 2002 ipsa
1200 1919 1317 1985 etiam

79 2024 173 2071 nunc
210 2006 419 2087 quibusdam
458 2007 628 2070 maiorem
671 2008 810 2072 efficere
853 2008 1094 2072 difficultatem
1134 2008 1316 2075 videatur.

80 2095 256 2159 Nicolaius
281 2095 420 2177 quidem
444 2096 575 2179 (Ueber
599 2097 819 2178 Entstehung
841 2097 912 2161 und
928 2097 1059 2162 Wesen
1083 2098 1145 2161 des
1162 2097 1317 2178 griechi-

80 2184 189 2252 schen
212 2184 366 2248 Romans
389 2203 469 2266 pag.
492 2185 524 2264 l)
553 2204 592 2248 se
617 2185 780 2249 arbitrari
810 2191 931 2269 negat,
966 2186 1175 2269 scriptorum
1207 2190 1318 2253 eroti-

82 2291 202 2337 corum
232 2278 365 2337 certum
397 2274 554 2338 ordinem
586 2275 748 2338 constitui
777 2293 896 2358 posse,
935 2276 1041 2357 quod,
1076 2292 1155 2338 cum
1187 2292 1319 2344 eorum

82 2363 275 2426 communis
298 2363 385 2445 fonS,
410 2363 550 2426 Antonii
573 2363 740 2445 Diogenis
763 2364 862 2445 liber,
879 2384 949 2428 non
966 2367 1090 2445 exstet,
1116 2362 1316 2432 diiudicare

81 2469 311 2533 nequeamus,
344 2453 425 2533 quid
449 2453 684 2534 unusquisque
707 2454 771 2535 illi,
805 2454 887 2535 quid
911 2455 1001 2516 inter
1034 2470 1113 2516 sese
1144 2451 1317 2522 debeant.

81 2540 133 2604 Ac
156 2559 200 2605 nc
218 2541 338 2604 Rohdc
362 2541 512 2624 quidem,
537 2543 699 2623 quamvis
721 2544 804 2607 licet
820 2561 910 2624 eam,
936 2543 979 2606 do
1003 2560 1072 2623 qua
1097 2540 1317 2630 dictumest,

82 2630 291 2694 sententiam
316 2631 494 2711 defendat,
521 2649 566 2694 ex
590 2632 814 2696 similitudine
837 2631 1047 2695 narrationis
1070 2629 1251 2694 Heliodori
1280 2642 1318 2700 et

81 2719 323 2801 Xenophontis
347 2720 433 2783 satis
457 2721 564 2784 firmis
589 2722 804 2802 argumentis
830 2720 1062 2786 demonstrari
1090 2738 1195 2801 posse
1226 2721 1318 2788 iudi-

83 2812 149 2890 cat,
175 2809 283 2872 utrius
309 2814 431 2873 auctor
454 2810 548 2891 prior
573 2810 794 2892 scripserit.²)

81 3096 173 3160 muss3
194 3093 266 3148 aber
276 3108 384 3149 warum
395 3093 453 3149 soll
465 3109 496 3149 er
509 3092 589 3149 nicht
598 3092 644 3149 eiu
657 3092 851 3159 Zeitgonosse
863 3093 915 3150 des
925 3093 1254 3160 drittenPhilostratus,
1266 3098 1317 3155 ein

82 3163 219 3236 Mitglied
244 3164 297 3220 der
319 3165 445 3220 zweiten
464 3172 551 3220 uuter
570 3164 626 3220 den
647 3165 721 3221 oben
741 3164 955 3222 bezeichneten
984 3165 1046 3222 drei
1066 3164 1319 3234 Hauptperioden

84 3234 465 3306 derSophistikgewesen
486 3235 568 3291 sein?
617 3235 741 3292 Weun
775 3253 811 3292 es
843 3236 929 3293 sehr
960 3232 1220 3308 begreit'lich
1255 3236 1319 3310 ist,

83 3323 212 3364 warum
231 3306 292 3363 mit
312 3306 376 3362 dan
397 3307 555 3364 meisten
576 3307 713 3362 anderu
743 3306 1019 3377 Mitgliedern
1046 3307 1186 3363 dieser
1209 3313 1318 3368 awei-

82 3383 149 3435 ten
177 3377 351 3434 Periode
381 3377 482 3434 auch
509 3393 643 3444 unser,
675 3377 770 3434 docb
803 3378 1068 3448 heineswegs
1098 3392 1200 3449 ganz
1229 3394 1317 3438 ver-

82 3447 327 3506 achtlioner
357 3448 515 3505 Rhetor
543 3448 583 3504 in
611 3449 680 3505 der
709 3447 1218 3507 litterar-historischen
1251 3450 1316 3510 Ue·

82 3520 379 3590 berlieferung
417 3519 555 3590 vdllig
586 3520 889 3579 verscshollen
920 3522 993 3590 ist,
1032 3537 1064 3577 so
1097 3520 1208 3576 kiinnte
1244 3538 1316 3582 man

83 3591 146 3648 sein
160 3591 227 3648 Bild
245 3591 331 3648 recht
349 3591 427 3649 wohl
447 3590 511 3647 sich
532 3606 684 3660 eruebam,
705 3609 790 3650 weun
808 3610 875 3649 man
895 3592 944 3650 ihn
965 3599 1043 3651 etwa
1062 3593 1091 3648 in
1111 3591 1157 3648 die
1171 3590 1237 3648 Zeit
1258 3593 1316 3652 des

82 3663 207 3720 Kaisers
226 3663 368 3719 Aurelian
387 3668 547 3720 versetzte.

244 3770 265 3840 ¹)
284 3771 476 3842 ib.pag.44‘2.
514 3769 580 3826 Von
608 3769 833 3826 Christlichkeit
862 3771 914 3828 des
940 3768 1113 3829 Veriassers
1142 3771 1241 3826 dieser
1262 3771 1317 3829 Er-

83 3842 211 3912 ztihlung
230 3842 300 3899 wird
320 3857 377 3898 nnn
396 3840 570 3899 hoffentlioh
595 3841 662 3898 kein
688 3841 890 3915 Einsichtiger
917 3842 1000 3900 mehr
1024 3844 1123 3901 reden.
1183 3859 1229 3908 ag.
1249 3843 1315 3902 443.

83 3912 174 3969 Nicht
205 3913 312 3970 einmal
341 3913 409 3969 dass
440 3912 469 3970 in
500 3918 636 3982 spttterer
665 3912 731 3970 Zeit
759 3913 857 3972 dieser
883 3932 915 3972 so
945 3860 1179 3973 nachdriicklicii
1208 3912 1315 3974 seinen

83 3984 275 4041 heiduischeu
295 3984 431 4040 Glanben
450 3984 702 4056 proclamiereude
723 3984 866 4044 Heliodor
884 4003 949 4043 zum
967 3984 1206 4044 Christenthume
1226 3985 1315 4045 iiber-

83 4061 223 4127 getreten
242 4056 306 4112 sein
325 4060 419 4126 mige,
446 4057 573 4113 brancht
592 4073 659 4113 man
679 4057 724 4115 als
743 4056 847 4128 irgend
866 4056 1111 4116 wahrscheinlich
1129 4058 1315 4127 zuzugeben.

240 4164 259 4229 9
277 4160 295 4216 l.
309 4161 330 4217 l.
344 4178 414 4233 pag.
428 4164 491 4220 393.
528 4163 588 4224 liin
606 4164 805 4238 geniigender
821 4163 945 4223 Beweis
965 4163 1015 4220 thr
1035 4162 1085 4219 die
1098 4160 1252 4217 Priorit'at
1269 4163 1329 4219 nes

55 4224 159 4285 Elaea
179 4229 257 4287 oder
272 4232 329 4291 des
345 4234 474 4298 Audern
498 4239 571 4303 uird
592 4238 660 4302 sich
679 4237 769 4298 nicht
787 4236 903 4300 tithren
916 4236 1036 4293 lusson.
